3210 5220
715 678 760 691 -
782 639 826 709 64
848 679 893 692 ...

273 804 416 891 gratiam
440 811 498 873 aut
516 804 647 872 reterre
667 803 797 890 volunt,
819 811 878 873 aut
890 807 1056 874 mereret
1085 808 1128 892 si,
1148 808 1337 898 Panegyri-

272 965 353 1012 cum
377 946 576 1032 recitaturo,
602 947 714 1032 multi,
738 947 938 1016 foedissimis
969 949 1247 1040 tempestatibus,
1273 970 1337 1040 per

272 1096 417 1166 biduum
452 1099 708 1183 convenerint,
742 1098 920 1187 exegerint
958 1099 1063 1167 etiam
1096 1106 1136 1169 ut
1170 1100 1338 1190 adjiceret

271 1244 411 1311 tertium
431 1243 537 1329 diem,
559 1262 760 1333 quanquam
773 1243 896 1313 Romae
914 1248 974 1312 aut
992 1264 1173 1333 nunquam
1186 1250 1246 1314 aut
1257 1250 1336 1314 rard

270 1387 379 1468 vacat,
408 1388 443 1449 et
460 1381 504 1450 ad
528 1387 673 1451 caeteros
690 1379 881 1450 audiendos
896 1382 1084 1472 pigerrime
1100 1384 1235 1452 coitur‘l
1255 1383 1333 1474 (ΙΙΙ.

269 1518 338 1607 18).
364 1522 536 1591 Rhetores
563 1523 668 1590 etiam
690 1523 798 1590 fovet:
821 1521 870 1590 illi
899 1522 994 1590 enim
1025 1524 1217 1611 plurimum
1241 1524 1336 1612 apud

269 1659 507 1729 adolescentes
535 1660 665 1746 valent;
693 1660 788 1729 nulla
806 1667 924 1730 autem
943 1662 1061 1730 sordet
1078 1662 1188 1730 Plinio
1215 1670 1335 1733 nostro

270 1801 395 1888 gloria,
417 1802 543 1892 gaudet
561 1801 652 1892 qudd
671 1803 764 1892 apud
784 1803 951 1871 docentes
966 1805 1003 1872 in
1017 1804 1126 1893 ipsius
1138 1804 1336 1874 admiratio·

270 1961 353 2008 nem
381 1946 538 2010 crescant
558 1942 676 2031 pueri;
701 1941 884 2031 magistros
910 1942 1002 2029 colit,
1034 1944 1270 2029 commendat,
1296 1950 1335 2013 ut

269 2083 368 2151 illum
386 2085 527 2153 Junium
546 2085 749 2153 Genitorem
768 2085 867 2172 quus
886 2084 1120 2175 eloquentiam
1145 2106 1333 2176 moresque
1396 2137 1398 2142 -

268 2221 425 2291 Corelliae
454 2223 596 2309 extollit,
625 2243 694 2312 quo
720 2229 875 2312 tempore
900 2224 1079 2293 rhetorem
1097 2206 1245 2294 latinum
1264 2224 1333 2314 lilio

269 2364 504 2452 circumspicit
533 2363 610 2453 (III.
637 2362 685 2453 3).
712 2364 766 2432 llli
784 2365 889 2433 etiam
920 2370 1098 2434 mortuum
1121 2366 1333 2456 discipulum

268 2499 400 2588 lugenti
419 2501 456 2568 in
468 2506 603 2588 partem
623 2500 749 2569 doloris
770 2502 905 2571 accedit
924 2502 1014 2592 (VII.
1038 2501 1106 2592 30).
1129 2503 1240 2594 Igitur
1262 2524 1333 2573 ma-

268 2643 384 2729 gistris
420 2643 974 2734 discipulisqueprobatissimus,
1000 2646 1112 2732 timet,
1144 2646 1265 2734 siqua
1291 2666 1332 2714 ex

268 2786 365 2872 parte
390 2781 456 2849 ista
478 2782 516 2848 in
538 2780 728 2850 discrimen
754 2781 863 2870 gratia
889 2780 1100 2866 adducatur3
1127 2780 1212 2849 dum
1237 2781 1331 2849 enirn

269 2923 405 2992 scholas
419 2924 578 2992 circumit
595 2924 774 2994 rhetorem
788 2922 935 2991 Maurici
954 2921 1032 2990 filiis
1051 2923 1278 3011 quaesiturus,
1299 2929 1333 2991 et

267 3061 371 3129 istam
388 3063 488 3150 quasi
507 3062 701 3133 demetiens
720 3062 913 3152 gloriolam,
934 3061 1028 3130 subit
1040 3063 1157 3148 timor,
1173 3082 1284 3151 quum
1295 3064 1333 3131 in

268 3200 425 3288 eligendo
458 3207 673 3291 praeceptore
710 3201 940 3290 suscipiendae
978 3203 1048 3270 sint
1087 3201 1255 3288 offensae,
1292 3223 1332 3270 ea

267 3344 386 3406 tamen
402 3340 439 3406 in
452 3341 605 3408 amicum
622 3340 772 3427 fides,ut
783 3342 974 3410 consularis
992 3346 1112 3410 noster
1130 3341 1205 3410 illas
1231 3362 1331 3432 aequo

268 3479 383 3548 animo
402 3480 520 3548 subire
536 3472 678 3572 paratus
696 3483 752 3550 sit.
767 3481 912 3570 (11.18).

355 3672 453 3740 Idem
501 3676 583 3741 vero
624 3673 734 3743 Plinio
776 3675 892 3742 evenit
932 3674 1023 3762 qudd
1049 3672 1225 3763 plerisque
1256 3675 1328 3762 qui,

267 3808 352 3876 dum
385 3807 626 3876 auctoritatem
664 3828 707 3875 ex
742 3807 890 3876 aliorum
924 3792 1084 3896 opinione
1115 3785 1330 3896 pendentem
1365 3886 1367 3890 ,

266 3951 380 4018 acrius
394 3950 545 4019 retinere
559 3949 689 4032 volunt,
722 3969 782 4016 eos
802 3950 902 4038 sequi
920 3957 1093 4040 coguntur
1111 3971 1198 4040 quos
1210 3951 1330 4021 viden·

265 4099 323 4160 tur
352 4093 419 4162 sibi
448 4093 600 4163 ducere:
629 4091 761 4162 scilicet
785 4090 967 4162 clientibus
989 4114 1126 4163 morem
1154 4095 1244 4185 gerit
1272 4095 1329 4164 ille

266 4237 445 4318 patronus,
465 4230 618 4321 dumque
646 4228 815 4302 recitandi
844 4232 1027 4302 materiam
1054 4238 1089 4303 et
1120 4232 1330 4317 renovandae
