3210 5220
788 607 966 673 ..lg-

344 809 488 876 traditus
508 817 561 877 est
581 816 615 876 et
628 810 779 896 placuit:
803 829 870 896 quo
890 809 1031 896 quidem
1045 809 1128 896 quid
1147 809 1213 875 illis
1236 811 1411 896 tempori-

343 949 409 1016 bus
422 950 634 1018 adolcscenti
652 949 795 1017 utilius‘?
814 948 914 1016 Putet
933 949 1025 1015 enim
1042 950 1142 1036 quasi
1160 948 1307 1016 bivium:
1324 949 1412 1019 hinc

343 1088 530 1158 Neroniani
549 1109 678 1173 mores,
700 1089 823 1157 ardens
853 1089 1063 1157 histrionum
1094 1091 1290 1178 artiumque
1309 1091 1407 1159 ludi-

342 1250 484 1299 crarum
522 1231 641 1315 favor,
681 1228 791 1297 ellusa
821 1230 858 1296 in
894 1249 1016 1296 omnes
1051 1229 1243 1317 voluptates
1272 1230 1407 1318 libide,

340 1373 465 1441 veteris
489 1372 681 1459 disciplinae
707 1376 947 1458 contempno,
983 1370 1103 1459 rapida
1130 1392 1193 1459 por
1225 1371 1409 1441 audaciam

239 1504 241 1508 ’
340 1532 551 1600 pravamque
570 1511 795 1579 ambitionem
815 1510 968 1594 fortuna,
991 1511 1136 1596 quaesita
1160 1510 1252 1598 apud
1275 1504 1407 1598 princi-

341 1676 405 1744 pes
425 1677 468 1724 ex
485 1657 649 1725 vitiorum
667 1656 858 1724 imitatione
879 1656 1009 1742 gratia:
1032 1654 1126 1722 illinc
1144 1657 1302 1744 pertinax
1320 1678 1408 1744 pau-

343 1816 463 1865 corum
491 1799 684 1881 severitas,
724 1796 951 1884 praesentium
980 1796 1204 1882 aspernatio,
1237 1797 1408 1866 invidiosa

342 1939 461 2009 multis
491 1939 634 2006 imitatio
657 1939 832 2026 priorum,
859 1935 1011 2002 honores
1042 1938 1209 2015 merendo
1241 1941 1404 2026 quesiti,

340 2082 467 2152 lentius
492 2079 668 2169 dignitatis
698 2079 987 2166 fortunarumque
1013 2078 1287 2166 incrementum,
1315 2084 1408 2168 peri-

342 2224 461 2291 culosa
484 2219 668 2309 aliquando
687 2220 809 2304 virtus,
835 2226 869 2287 et
889 2240 931 2286 er
955 2219 1129 2289 bonorum
1148 2223 1310 2310 amicitia,
1339 2226 1408 2292 cri-

341 2388 436 2437 men.
453 2367 647 2454 Virginium
670 2365 864 2451 aemulatus,
882 2366 1016 2434 Plinius
1034 2367 1077 2434 ad
1089 2368 1234 2435 meliora
1253 2368 1404 2456 divertit,

342 2514 376 2576 et
399 2509 569 2595 optimum
596 2507 853 2574 adolescentem
872 2508 995 2575 eodem
1015 2512 1082 2594 qud
1106 2516 1242 2595 natura,
1266 2511 1428 2599 fortuna

341 2653 527 2722 inclinavit.

384 2944 635 3024 Quintilianum
675 2952 928 3033 praeceptorem
964 2951 1087 3014 nactus
1131 2952 1196 3031 est,
1239 2945 1403 3014 omnibus

340 3093 451 3158 omnis
467 3093 576 3161 aetatis
595 3091 868 3180 praeceptoribus
891 3091 1081 3179 exemplar.
1106 3091 1267 3181 Magnam
1284 3096 1403 3159 autem

339 3229 446 3297 fuisso
466 3233 622 3319 magistri
641 3231 733 3319 apud
762 3230 973 3318 discipulum
993 3233 1234 3300 auctoritatem
1256 3238 1405 3300 testatur

340 3375 456 3457 gratus
477 3370 638 3459 discipuli
650 3373 787 3441 animus
800 3380 835 3440 et
848 3375 1037 3442 veneratio.
1052 3374 1143 3443 Nota
1158 3375 1216 3443 illa
1234 3374 1336 3442 Plinii
1360 3374 1405 3442 ad

341 3510 591 3590 Quintilianum
606 3513 750 3602 epistola
762 3514 835 3602 (VI,
849 3514 906 3603 3⁴2)
923 3517 1158 3603 qualocandre
1183 3516 1263 3585 filim
1284 3515 1404 3584 dotem

340 3655 451 3741 offert,
484 3656 527 3722 de
555 3659 623 3744 qud
645 3677 715 3723 non
742 3656 841 3724 facilc
873 3657 1003 3725 dixeris
1040 3665 1156 3726 utrum
1190 3657 1404 3726 laudandum

340 3799 461 3887 magis,
498 3801 659 3887 ipsumno
690 3799 822 3866 donum
849 3820 893 3866 an
925 3801 1084 3869 donantis
1117 3802 1267 3898 animus.
1300 3800 1402 3868 Certe

339 3944 535 4030 gratissima
552 3943 645 4032 apud
658 3944 756 4012 illum
776 3963 918 4011 munere
940 3945 1029 4012 solet
1042 3947 1198 4035 magistri
1217 3945 1400 4031 memoria,

338 4089 375 4155 in
392 4109 498 4176 quem
519 4087 777 4157 informandum
797 4088 951 4155 maximo
972 4089 1139 4177 magister
1156 4089 1272 4157 valuit.
1293 4089 1402 4156 Porro

339 4230 558 4325 sanctissima
598 4229 691 4320 apud
735 4227 986 4310 Quintilianum
1031 4230 1238 4322 eloquentiae
1272 4234 1400 4322 imago,
