3210 5220
803 668 979 735 ..13-

294 958 297 962 ³
362 875 481 936 tamen
496 887 540 935 ne
559 867 788 956 petulantiora
810 868 972 956 quaedam
990 867 1184 953 videantur,
1205 873 1243 935 01
1258 871 1423 958 gravissi·

363 1030 502 1078 morum
529 1030 567 1077 se
595 1009 778 1079 hominum
813 1010 973 1100 exemplo
1008 1014 1126 1077 tuetur
1147 1009 1219 1098 (IV.
1249 1009 1319 1100 14).
1340 1011 1426 1080 Illos

361 1157 481 1220 tamen
509 1171 644 1236 versus,
675 1150 843 1237 nondum,
882 1156 920 1219 ut
946 1150 1093 1236 videtur,
1121 1151 1231 1218 limen
1248 1171 1425 1241 egressos,

362 1315 451 1364 uxor
470 1299 585 1362 cantat
602 1293 797 1382 formatque
809 1294 941 1362 eithara
959 1291 1031 1380 (IV.
1050 1291 1123 1381 19).
1140 1293 1297 1362 Laudant
1312 1295 1428 1381 junio-

360 1452 444 1500 res:
466 1432 559 1521 apud
575 1452 663 1521 quos
679 1434 752 1521 jam
770 1431 903 1500 Plinius
922 1431 982 1498 ivit
999 1431 1037 1498 in
1065 1430 1284 1518 exemplum3
1304 1437 1344 1500 ut
1367 1433 1429 1501 ille

363 1573 503 1642 Sentius
526 1574 728 1663 Augurinus
746 1572 949 1642 adolescens
969 1573 1030 1661 qui
1052 1572 1301 1640 versiculorum
1322 1579 1427 1663 petu-

361 1718 477 1788 tantia
503 1717 605 1786 Plinii
633 1719 873 1787 auctoritatem
901 1716 1086 1805 praetendit
1117 1717 1189 1807 (lV.
1213 1715 1291 1807 27),
1311 1724 1352 1787 ut
1368 1719 1429 1788 ille

362 1855 474 1925 Julius
491 1855 585 1925 Naso
598 1855 660 1943 qui
672 1854 824 1922 maxime
844 1852 1069 1922 nascentibus
1087 1854 1263 1943 opusculis
1280 1856 1430 1925 interest

366 1999 438 2090 tvl.
460 1998 506 2089 6).
528 2036 573 2050 -
603 1997 696 2080 Quid
729 1998 902 2086 graviores
929 1997 1065 2064 amioi‘l‘
1096 1996 1155 2064 llle
1184 1996 1300 2066 Aristo
1329 1999 1428 2086 eujus

362 2114 512 2241 rigidam
530 2104 695 2211 virtutem
722 2141 856 2211 Plinius
881 2140 1032 2211 laudavit
1050 2141 1091 2229 (1.
1112 2140 1168 2231 22)
1186 2147 1345 2211 nostrum
1364 2144 1429 2212 ad-

365 2258 486 2356 monet
510 2308 518 2353 :
545 2311 559 2352 a
582 2282 774 2355 Celandum
792 2305 863 2352 non
890 2285 1018 2373 putasti
1047 2284 1217 2352 exstitisse
1242 2283 1426 2373 quosdam,

364 2434 425 2525 qui
455 2432 583 2521 scripta
607 2430 750 2520 quidem
768 2431 844 2519 ipsa
862 2450 932 2498 non
952 2428 1211 2520 improbarent,
1233 2451 1291 2499 me
1308 2437 1429 2499 tamen

364 2571 476 2641 amice
493 2569 768 2660 simpliciterque
785 2567 1097 2657 reprehenderent,
1120 2566 1212 2655 quod
1235 2567 1313 2636 haec
1336 2569 1426 2636 sori·

361 2716 485 2784 berem
514 2715 769 2803 recitaremque
801 2712 863 2803 (V.
885 2712 925 2800 3)
947 2735 953 2779 ;
979 2736 993 2778 a
1028 2714 1097 2780 imo
1123 2733 1166 2779 ex
1190 2712 1257 2779 hae
1282 2712 1428 2800 epistola

363 2859 507 2942 apparet
523 2852 631 2921 fuisse
650 2851 742 2941 apud
759 2853 889 2920 amieos
919 2853 966 2920 de·
997 2852 1100 2921 Plinii
1121 2851 1280 2922 versibus
1310 2851 1429 2920 existi·

361 2992 606 3076 mationem,et
618 2989 884 3059 admirationem
900 2991 993 3080 quod
1003 2992 1232 3060 senatortalia
1242 2991 1425 3077 scriberet,

363 3126 432 3192 irnd
449 3125 612 3193 recitaret
625 3124 783 3215 pluribus
800 3147 807 3191 :
829 3131 950 3193 noster
967 3132 1086 3194 eontra
1105 3127 1156 3194 rei
1173 3125 1338 3194 invidiam
1348 3127 1429 3214 jooo

365 3271 552 3338 dissolvere
575 3292 582 3336 ι
608 3295 621 3335 a
644 3269 779 3350 Quibus
799 3290 862 3358 ego
888 3275 926 3338 01
949 3290 1098 3360 augeam
1116 3270 1264 3359 culpam,
1284 3269 1331 3336 ita
1349 3287 1430 3336 res·

362 3406 523 3498 pondebo
546 3429 554 3473 ε
584 3405 672 3474 facio
690 3426 944 3495 nonnunquam
961 3405 1173 3492 versiculos,
1195 3426 1336 3474 severos
1362 3424 1428 3493 pa-

362 3575 442 3624 rum
459 3577 467 3640 3
486 3554 573 3622 saoio
604 3553 793 3625 comoedias
820 3559 855 3621 01
879 3552 993 3640 audio,
1014 3559 1122 3642 utque
1142 3555 1258 3621 omnia
1287 3554 1430 3621 innoxia

362 3693 578 3761 remissionis
603 3711 733 3782 genera
757 3690 911 3760 breviter
941 3692 1143 3781 amplectar,
1171 3695 1276 3763 homo
1297 3716 1388 3764 sum.
1407 3717 1431 3764 u

363 3830 443 3918 Agit
459 3849 600 3896 oausam
615 3834 733 3897 tamen
749 3850 757 3914 3
782 3829 973 3898 multorum
987 3830 1119 3918 profert
1132 3831 1319 3900 illustrium
1337 3833 1428 3901 viro·

345 3957 444 4050 'rum
463 3969 604 4037 nomina
620 3969 830 4068 quibuscum
849 3991 966 4039 errare
989 3971 1163 4041 laudabile
1181 3974 1250 4060 sit;
1268 3994 1331 4043 our
1345 3977 1435 4042 vero

362 4113 514 4182 invideat
526 4113 649 4202 aliquis
662 4113 754 4203 quod
765 4115 912 4183 10011011
926 4116 1128 4185 recitatione
1143 4119 1238 4186 enim
1253 4123 1289 4186 01
1296 4118 1430 4207 judicio

362 4250 544 4321 bominum
577 4249 713 4322 libellus
755 4253 899 4322 demina
932 4255 1117 4344 corrigitur
1155 4261 1189 4325 01
1223 4256 1431 4328 absolvitur„
