3210 5220
667 647 821 713 ,9.-

216 848 266 916 sic
280 846 378 914 multi
390 846 458 913 alii.
480 844 571 924 Quid
590 846 655 912 viri
673 846 778 912 etiam
799 846 835 911 in
851 844 927 932 ipso
941 843 1113 911 honorum
1126 844 1277 911 decursu

216 986 498 1074 occupatissimi‘.l
525 984 671 1052 Titinius
690 983 811 1071 Capito
836 984 896 1071 qui
913 982 1139 1072 regnantibus
1156 982 1276 1051 Domi-

214 1140 319 1222 tiano,
340 1136 467 1220 Nerva,
500 1134 660 1222 Trojano,
697 1133 762 1202 fuit
796 1132 840 1200 ab
871 1132 1040 1220 epistolis,
1073 1153 1143 1200 non
1173 1133 1277 1202 modo

213 1281 336 1350 recitat
357 1280 446 1367 ipse,
468 1277 531 1346 sed
554 1302 567 1343 t
594 1278 738 1346 domum
759 1296 860 1345 suam
878 1275 1106 1344 recitantibus
1128 1275 1274 1364 praebet,

215 1425 382 1493 auditoria
409 1443 479 1490 non
509 1422 601 1511 apud
628 1443 666 1489 se
691 1427 826 1490 tantum
858 1423 946 1488 mini
967 1421 1178 1509 benignitate
1205 1421 1277 1488 fre-

214 1574 367 1657 quentat.
393 1592 406 1631 l
436 1569 621 1636 Domitiani
638 1587 776 1654 quoque
794 1568 998 1635 ferebantur

258 1843 397 1859 ..........
426 1791 608 1879 Capitolini
636 1789 790 1857 coelestia
823 1790 978 1856 carmina
1007 1789 1116 1873 belli,

967 1931 1080 2017 (Mart.
1103 1933 1143 1999 V.
1182 1931 1232 2019 5.)

259 2183 310 2250 De
334 2182 477 2250 Cometa
507 2182 603 2250 Titus
644 2181 840 2268 Imperator
872 2179 909 2245 in
941 2179 1061 2266 quinto
1084 2179 1277 2263 consulatu,

214 2319 381 2408 praeclaro
407 2320 451 2408 (si
475 2303 586 2389 Plinio
612 2319 734 2406 Majori
761 2317 925 2400 creditur,
958 2317 985 2383 l.
1014 2316 1087 2404 22),
1120 2317 1277 2385 carmine

215 2459 437 2547 perscripsit,
457 2458 573 2527 Nerva
592 2459 742 2547 denique
755 2456 944 2525 versiculos
959 2457 1276 2545 composuittV,3).

216 2597 255 2664 ln
287 2598 449 2665 conviviis
477 2599 605 2686 saepius
633 2598 688 2663 vel
717 2596 806 2664 liber
835 2595 972 2682 legitur,
1005 2596 1059 2664 vel
1090 2596 1279 2664 audiuntur
1370 2666 1372 2673 ,

215 2736 376 2822 comoedi,
402 2744 462 2804 aut
482 2737 628 2825 lyristae,
659 2736 825 2824 frequens
859 2736 950 2802 inter
980 2737 1209 2803 comissantes
1236 2735 1279 2803 de

213 2873 337 2940 litteris
357 2873 563 2960 disputatio,
597 2895 663 2942 uec
684 2875 870 2963 quisquam
893 2873 1006 2940 bellus
1027 2872 1130 2939 homo
1147 2872 1279 2940 habea-

213 3017 283 3097 tur,
307 3013 367 3101 qui
379 3032 573 3098 sermones,
594 3013 712 3082 relatis
726 3012 899 3097 versibus,
913 3031 985 3079 non
1001 3010 1142 3079 condire
1154 3011 1277 3080 valeat·

215 3150 434 3240 Quicumque
445 3151 482 3218 in
500 3152 696 3240 municipiis
712 3150 961 3240 provincialem
975 3151 1070 3220 illam
1082 3152 1282 3242 rubiginem

213 3290 332 3357 eluere
357 3290 513 3378 cupiunt,
543 3290 750 3359 urbanitatis
769 3290 898 3358 famam
924 3310 968 3357 ex
992 3291 1115 3359 litteris
1140 3310 1281 3359 consec·

213 3430 341 3510 tantur,
379 3445 488 3514 seque
517 3427 553 3492 in
583 3426 678 3494 huno
707 3426 943 3494 studiosorum
975 3431 1105 3494 caetum
1135 3425 1282 3494 adscisci

212 3554 382 3642 laborant,
413 3565 453 3625 ut
482 3557 664 3625 Comensis
688 3556 746 3624 ille
774 3555 939 3625 Caninius
965 3558 1020 3626 oui
1045 3577 1115 3624 non
1144 3557 1281 3624 tautum

213 3696 365 3764 urbanos
389 3697 432 3764 de
456 3697 579 3766 litteris
609 3698 749 3765 nuntios
772 3697 956 3785 municeps
982 3697 1115 3764 Plinius
1144 3697 1281 3764 mittere

214 3833 317 3916 solet,
338 3833 402 3900 sed
419 3834 632 3901 scribentem
659 3833 785 3919 laudat,
811 3833 994 3920 pollicetur
1023 3832 1184 3920 gloriam,
1206 3851 1281 3898 ma-

213 3972 317 4039 terias
331 3973 436 4040 etiam
449 3972 625 4040 scribendi
644 3972 801 4062 suggerit
819 3970 896 4059 (ΙΙΙ,
913 3970 945 4038 7.
973 3968 1067 4054 Vlll,
1083 3970 1115 4036 ll.
1137 3967 1278 4055 lx,33).

217 4111 394 4191 Quorsum
423 4117 505 4180 verb
537 4119 587 4181 tot
622 4119 841 4201 argumenta,
874 4111 936 4179 ubi
970 4133 1081 4179 unum
1112 4111 1283 4180 sufficiat‘l

214 4251 381 4336 Feminae,
397 4253 646 4339 elegantiarum
667 4251 829 4335 artifices,
852 4250 982 4318 litteras
1002 4251 1093 4318 iuter
1111 4249 1282 4318 lenocinia
