3210 5220
725 670 899 738 ..71-

166 954 168 959 1
328 866 389 934 1113
403 867 496 933 enim
514 865 613 956 quasi
627 865 787 954 publicus
805 867 907 935 samm
923 867 1087 936 studiosis
1100 868 1338 958 dispensator,

283 1005 389 1093 quam
411 1004 618 1073 immodicus
644 1005 682 1071 in
704 1004 898 1074 laudando!
926 1007 1031 1095 quam
1055 1009 1163 1078 facitis
1186 1010 1222 1078 in
1244 978 1341 1101 poili}

282 1149 429 1217 cendam
457 1148 773 1217 immortalitatem!
805 1149 894 1219 iilud
926 1152 1070 1240 quidem
1089 1154 1211 1243 optimi
1234 1153 1342 1221 animi

280 1295 412 1374 votum,
446 1294 481 1357 et
508 1289 660 1358 hominis
684 1290 896 1379 simplicitati
921 1291 995 1360 fere
1024 1293 1298 1384 ignoscendum:
1319 1315 1339 1362 o

279 1427 322 1515 si,
336 1427 581 1497 comitantibus
600 1428 733 1514 3131313,
751 1429 796 1497 ad
818 1435 1038 1518 posterorum
1057 1433 1267 1502 memoriam
1278 1434 1340 1502 'via

278 1569 477 1658 aperiatur!
499 1568 676 1650 Quantum
695 1572 776 1637 vero
796 1569 840 1638 ab
860 1571 919 1640 illo
938 1571 1103 1653 Quintilio
1123 1573 1247 1643 distat!

788 1787 802 1828 1
828 1763 981 1855 Corripe,
1001 1766 1116 1851 sodes,

368 1904 455 1990 Hoc,
477 1904 603 1988 aiebat,
625 1911 660 1973 et
678 1905 756 1972 hoc.
780 1928 794 1969 a
815 1905 940 1974 Melius
960 1912 995 1975 13
1013 1928 1117 1997 posse
1131 1928 1291 1999 negares,

366 2044 424 2111 Bis
439 2049 562 2132 terque
577 2050 759 2133 expertum
777 2043 916 2129 frustra,
930 2044 1047 2114 delere
1064 2047 1222 2135 jubebat,

365 2181 407 2248 Et
418 2150 510 2248 male
529 2186 682 2249 tornatos
699 2180 820 2249 incudi
835 2180 984 2251 reddere
1002 2202 1136 2251 versus.

364 2328 601 2399 Sidefendere
620 2330 786 2400 delictum
800 2331 906 2420 quam
917 2337 1053 2401 vertere
1066 2332 1200 2422 mallee,

362 2467 507 2538 Nullum
525 2468 615 2537 ultra
632 2468 779 2536 verbum
799 2475 858 2537 aut
871 2488 1018 2556 *operam
1037 2469 1238 2540 insumebat
1259 2473 1335 2562 inae

363 2611 456 2692 Quin
470 2613 545 2680 sine
558 2611 656 2679 rivali
666 2616 772 2700 teque
785 2617 820 2681 et
839 2618 898 2681 tua
913 2613 1009 2682 solus
1022 2634 1170 2684 amares.
1223 2617 1332 2705 13331,

784 2752 884 2841 (Hor.
906 2752 969 2840 Ep.
994 2752 1039 2820 ad
1061 2754 1134 2820 Pis.
1155 2752 1261 2840 ⁸438.)

272 2913 398 2982 Nostro
428 2922 559 3001 eontra,
584 2914 739 3000 laudare,
771 2917 963 2986 acerrimus
1000 2915 1136 2984 videtur
1167 2916 1336 3013 stimulus¹

272 3057 439 3127 monendi
465 3057 519 3148 (V.
544 3056 601 3146 17)
624 3061 659 3125 31
684 3038 889 3126 recitantem
922 3058 1073 3126 multum
1095 3076 1135 3125 ac
1154 3057 1216 3126 diu
1233 3078 1332 3128 oson-

269 3205 387 3291 latur;
420 3225 533 3294 neque
564 3210 617 3272 est
651 3205 711 3292 qui
740 3204 799 3273 fiat
830 3206 1051 3273 Aristarchus
1068 3225 1076 3290 3
1096 3206 1125 3272 is
1146 3210 1201 3273 est
1214 3210 1333 3275 contra

271 3345 331 3433 qui
350 3344 442 3414 dicat

784 3541 853 3610 Cur
871 3561 934 3629 ego
954 3542 1107 3610 amicum

276 3657 279 3662 ⁵
356 3682 541 3754 Ostendam
560 3687 597 3754 in
615 3687 741 3775 nugis‘?
762 3687 884 3776 (Epist.
904 3685 959 3753 ad.
985 3687 1056 3754 Pis.
1078 3685 1174 3775 450.)

266 3839 389 3929 Neque
419 3841 541 3909 suadet
569 3847 608 3908 ut
636 3862 768 3909 nonum
799 3862 886 3930 opus
916 3833 1096 3930 prematur
1120 3842 1323 3928 inannum,

266 3981 479 4052 membranis
491 3984 584 4052 intus
596 3984 717 4072 positis
732 3984 853 4074 (Epist.
870 3983 924 4052 ad.
934 3984 1004 4052 Pis.
1015 3982 1108 4073 388).
1119 3984 1196 4053 Imb
1210 3993 1331 4055 contra

168 4161 171 4166 ,
265 4129 441 4192 morantes
464 4125 594 4193 amicos
617 4125 784 4213 increpat,
813 4126 953 4214 instigat
972 4125 1089 4210 etiam,
1113 4131 1148 4192 et
1166 4134 1331 4195 cunctan-

141 4351 143 4355 .
264 4267 317 4328 tos
341 4264 440 4350 quasi
459 4263 503 4331 ad
525 4263 735 4332 auditorium
760 4265 876 4352 rapit:
902 4255 1062 4330 «Recita
1087 4263 1223 4349 saltem,
1263 4267 1331 4351 qno
