3210 5220
715 624 885 692 ,47-

273 838 393 887 rursus
406 817 536 886 iaciunt
553 823 591 886 ut
610 819 645 886 in
664 822 768 888 rectis
780 825 1016 910 perseverent,
1035 825 1070 888 et
1088 820 1111 887 ii
1130 821 1199 889 sint
1211 821 1335 909 quales

272 959 381 1027 uideri
399 959 533 1030 volunt.
551 958 645 1028 Inter
661 959 801 1028 facilem
817 965 1002 1050 parentum
1017 960 1332 1050 magistrorumque

272 1095 593 1185 comprobationem
626 1105 839 1185 crescentes,
867 1100 950 1167 huic
978 1098 1191 1168 scholasticae
1216 1101 1330 1191 gloria

272 1241 489 1320 assuescunt,
509 1241 545 1304 et
575 1235 643 1304 sibi
673 1236 806 1307 similes
831 1245 1050 1327 permanent,
1076 1258 1134 1325 ne,
1155 1239 1214 1308 diu
1238 1241 1331 1308 inter

271 1378 419 1466 optimos
436 1379 591 1466 repositi,
615 1383 651 1447 et
668 1378 736 1447 sibi
755 1385 791 1448 et
809 1382 943 1450 caeteris
961 1382 1173 1471 degenerare
1191 1380 1332 1449 videan-

270 1522 338 1585 tur.
353 1515 438 1598 Qua
457 1517 600 1606 quidem
627 1518 665 1586 in
683 1522 807 1588 natura
825 1519 955 1607 aliquid
973 1519 1127 1608 prolecto
1144 1520 1331 1609 jactantiae,

269 1661 459 1749 plurimum
487 1668 605 1730 tamen
634 1664 775 1752 optimae
803 1663 913 1730 indoli
938 1663 1174 1732 referendum.
1203 1663 1331 1732 Subest

270 1811 388 1875 tamen
405 1807 612 1896 periculum,
634 1807 830 1894 nequando
850 1809 868 1874 e
888 1806 1007 1875 schola
1024 1827 1184 1896 egressos
1207 1828 1331 1896 sequa-

207 2000 211 2005 .
270 1953 328 2016 tur
345 1950 410 2017 ista
433 1949 477 2016 ad
493 1948 726 2018 laudationem
755 1949 929 2035 mollities,
951 1969 995 2016 ne
1015 1949 1148 2016 scilicet
1163 1950 1228 2017 viri
1249 1948 1331 2018 lacti

271 2111 418 2180 eamque
437 2090 728 2180 comprobationis
741 2090 1030 2160 consuetudinem
1043 2095 1077 2158 et
1095 2092 1330 2181 appetentiam

269 2236 471 2321 retinentes,
491 2235 677 2304 immodice
701 2256 744 2304 ex
769 2243 975 2306 caeterorum
992 2235 1122 2325 judicio
1140 2235 1329 2324 pendeant,

269 2386 305 2448 et
338 2379 460 2449 laudes
491 2382 780 2469 intemperantius
810 2386 999 2465 venentur,
1032 2400 1108 2470 quae
1146 2386 1264 2450 autem
1291 2382 1330 2450 in

268 2517 524 2588 adolescentulo
550 2519 704 2604 docilitas
734 2521 966 2608 semitasque,
994 2540 1036 2589 ea
1053 2521 1088 2588 in
1105 2521 1180 2589 viro
1198 2522 1329 2590 vanitas

265 2658 344 2746 jure
365 2656 576 2746 appelletur,
597 2657 700 2726 Haud
719 2656 820 2725 aliam
844 2656 946 2724 Plinii
962 2655 1192 2726 adolescentis
1207 2658 1329 2746 imagi-

268 2814 351 2864 nem
371 2794 458 2862 mihi
476 2793 673 2864 effinxerim
695 2817 702 2861 :
730 2795 881 2882 optimus
900 2813 1002 2882 puer,
1019 2792 1182 2881 idemque
1196 2793 1330 2861 studio·

269 2928 428 2997 sissimus
449 2927 593 3018 (quippe
617 2928 677 3017 qui
695 2933 858 3015 quartum
878 2926 1058 2995 decimum
1074 2945 1205 2993 annum
1223 2912 1330 3014 agens

267 3069 471 3159 tragoediam
499 3089 649 3160 graecam
678 3068 849 3137 scriberet
880 3067 970 3156 (vlt.
996 3067 1052 3155 4),
1070 3067 1162 3134 inter
1188 3068 1330 3138 meritas

267 3229 412 3280 suornm
435 3209 557 3279 laudes
583 3209 753 3296 adolevit;
781 3210 824 3278 ab
851 3209 919 3278 illis
947 3209 1052 3278 etiam
1076 3208 1331 3298 suspiciebatur

265 3349 382 3440 quiin
399 3350 558 3419 materna
577 3348 682 3418 domo
700 3348 960 3418 familiarissimi
988 3352 1098 3417 erant.
1131 3348 1213 3417 Haec
1236 3349 1331 3417 enirn

265 3489 309 3560 de
337 3510 377 3559 se
409 3490 486 3578 ipso
507 3489 661 3575 Plinius,
690 3488 775 3556 dum
802 3488 968 3576 Hispullae
993 3488 1145 3557 scribit:
1176 3512 1190 3553 r
1213 3486 1331 3569 Quum

138 3711 140 3715 ἢ
266 3631 417 3694 matrem
436 3645 554 3694 meam
572 3625 727 3714 parentis
742 3624 818 3692 loco
836 3643 1055 3710 venerarere,
1080 3644 1138 3692 me
1154 3643 1292 3713 quoque
1311 3644 1332 3691 a

267 3758 416 3846 pueritia
452 3760 573 3827 statim
608 3758 784 3844 formare,
823 3756 991 3840 tundore,
1017 3757 1192 3845 talemque
1220 3757 1331 3845 qualis

268 3913 362 3963 nunc
379 3896 481 3967 uxori
503 3917 590 3964 meae
618 3895 749 3982 videor,
777 3897 925 3964 ominari
949 3896 1087 3965 solebas
1108 3897 1180 3985 (IV.
1201 3895 1288 3985 la).
1312 3920 1328 3961 r

270 4037 388 4119 Quum
409 4039 686 4109 adolescentulus
716 4039 753 4106 in
780 4039 879 4128 Syria
908 4038 1083 4124 militaret,
1117 4039 1332 4126 Euphratem

268 4176 514 4268 philosophum
544 4179 752 4264 admiratus,
796 4178 839 4246 ob
878 4199 915 4246 eo
953 4179 1071 4247 umori
1111 4177 1304 4247 elaborauit
1316 4200 1330 4262 ;

273 4336 291 4379 r
313 4314 466 4403 Utinam,
498 4317 611 4407 inquit
638 4318 726 4407 ipse,
760 4336 867 4404 quam
898 4335 998 4406 spem
1029 4297 1105 4385 tum
1123 4313 1180 4384 ille
1209 4313 1253 4382 de
1272 4333 1332 4382 me
