3210 5220
723 639 900 707 ..ὥ-μ

282 830 442 899 continuo
462 830 578 920 gloria>
593 834 812 902 occasionem
831 832 1031 921 venabatur,
1046 839 1086 902 eb
1099 837 1269 917 adductus
1283 847 1338 911 est

281 975 321 1039 ut
346 971 518 1042 orationes
547 975 584 1041 in
607 973 777 1043 auditorio
801 974 949 1064 legeret:
969 996 1028 1045 res
1048 977 1141 1067 apud
1157 954 1342 1050 'Romanos

280 1132 390 1182 nova:
413 1133 508 1200 mox,
522 1114 636 1183 Plinio
655 1120 810 1201 auctore,
824 1116 863 1184 in
881 1117 1169 1186 consuetudinem
1187 1127 1339 1209 recepta,

281 1273 350 1344 quo
372 1253 515 1344 quidem
537 1275 608 1324 non
633 1256 763 1345 optime
796 1262 910 1325 orator
940 1263 1059 1325 noster
1076 1256 1121 1325 de
1145 1255 1341 1346 eloquentie

279 1397 440 1465 Romane
451 1396 624 1464 meruisse
635 1395 722 1464 mihi
739 1395 887 1466 videtur,
906 1397 973 1467 Diu
985 1396 1128 1485 quidem
1147 1405 1339 1483 cunctatur,

279 1537 506 1607 suadentibus
537 1543 669 1622 tamen,
707 1543 746 1606 ut
781 1539 840 1622 ait,
870 1538 1003 1624 amiciS,
1035 1539 1192 1626 quamvis
1222 1539 1341 1608 multae

278 1675 448 1746 dubitanti
474 1673 693 1744 difficultates
720 1681 969 1765 proponantur,
990 1676 1120 1744 victum
1150 1696 1189 1744 se
1220 1697 1283 1746 suo
1301 1678 1338 1746 in

276 1819 454 1888 hortantes
473 1818 640 1906 obsequio
658 1817 742 1886 dicit
761 1818 821 1906 (ΙΙ.
839 1816 910 1905 19).
932 1815 1110 1897 Quosdam
1126 1821 1208 1886 verb
1227 1819 1336 1889 fuisse

277 1957 337 2044 qui
352 1951 651 2045 reprehenderent
674 1974 717 2022 ex
743 1953 889 2042 epistole
912 1958 1067 2042 apparet,
1089 1974 1195 2043 quam
1227 1954 1341 2024 Celeri

276 2094 426 2180 crddam,
455 2095 614 2186 (fortasse
641 2092 844 2175 Quintiliani
868 2093 1011 2184 genero)
1038 2094 1176 2181 scribit,
1203 2097 1240 2164 in
1271 2100 1340 2186 quit

274 2251 351 2300 rem
373 2237 528 2319 excusat,
560 2237 596 2301 et
623 2230 815 2300 multorum
845 2231 1035 2320 patrocinio
1073 2231 1240 2319 defendit,
1278 2236 1338 2322 qui

272 2375 471 2467 hujusmodi
487 2375 709 2443 recitationes
729 2395 796 2442 usu
816 2378 1026 2463 receperunt
1045 2373 1120 2463 (vll
1141 2373 1212 2462 17).
1234 2375 1337 2446 Hunc

271 2518 352 2584 vero
377 2533 514 2584 morem
536 2534 623 2583 num
646 2514 790 2582 oratoris
817 2513 927 2580 nostri
958 2512 1164 2601 eloquentie
1184 2515 1337 2585 multum

270 2656 442 2745 profuisse
455 2652 600 2725 credas‘l
617 2652 766 2737 «Timor,
779 2652 902 2740 inquit,
913 2652 1117 2720 emendator
1126 2655 1332 2723 acerrimus:

270 2797 336 2866 hoc
352 2797 482 2888 ipsum,
503 2794 594 2885 quod
614 2814 679 2862 nos
697 2794 902 2863 recitaturos
921 2794 1125 2881 cogitamus,
1146 2795 1333 2882 emendat3

271 2940 363 3029 qudd
392 2935 605 3009 auditorium
634 2937 863 3027 ingredimur,
886 2936 1075 3021 emendat,
1108 2937 1199 3024 qudd
1222 2937 1333 3025 palle-

179 3176 203 3186 ..
270 3108 364 3174 mus,
389 3087 639 3172 horrescimus,
665 3082 978 3172 circumspicimus,
1000 3083 1173 3185 emendat.
1202 3107 1216 3149 v
1247 3084 1334 3154 Mihi

269 3236 350 3303 verb
368 3237 487 3302 contra
505 3230 661 3299 videtur:
683 3232 848 3317 suspecto
870 3227 979 3296 oratio
999 3246 1077 3315 quae
1095 3227 1139 3295 ad
1157 3227 1332 3317 duplicem

269 3380 367 3468 quasi
389 3378 496 3446 finem
514 3348 683 3466 pertinet,
710 3374 804 3442 aliud
830 3374 924 3441 enim
942 3373 1062 3461 judex,
1090 3372 1183 3442 aliud
1200 3374 1333 3443 audito-

267 3524 360 3594 rium
378 3522 543 3612 reposcit,
563 3520 707 3589 ubinon
724 3522 796 3608 jam
815 3518 1093 3608 adprobandum
1110 3520 1246 3606 dicitur,
1268 3523 1331 3590 sed

267 3660 430 3728 scribitur
460 3658 504 3727 ad
533 3657 755 3748 placendum.
791 3657 941 3725 Plinium
976 3660 1058 3725 verb
1091 3679 1176 3726 num
1212 3664 1263 3727 tot
1293 3660 1348 3727 in·

266 3797 479 3887 Panegyrico
512 3794 677 3864 flosculos
698 3794 924 3864 collecturum
959 3795 1067 3865 fuisse
1102 3797 1228 3882 credis,
1264 3798 1331 3866 nisi

265 3937 505 4008 recitationem
523 3935 788 4025 prospexisset‘l
807 3956 852 4003 an
871 3936 987 4004 omnia
1015 3937 1090 4006 haec
1120 3937 1330 4018 Quintiliano

265 4072 471 4163 placuisset
495 4075 540 4142 At
564 4073 737 4141 orationes
755 4072 963 4141 recitaturus
988 4074 1194 4165 refingebet,
1221 4077 1331 4144 multa

266 4212 453 4299 inserebat,
480 4213 589 4283 multa
616 4210 852 4281 commutabat
873 4210 961 4300 (VH.
988 4211 1056 4302 17).
1084 4215 1190 4303 Esto,
1217 4217 1329 4306 qualia

1206 4357 1224 4414 5
