<?xml version="1.0" encoding="UTF-8"?>
<!DOCTYPE html PUBLIC "-//W3C//DTD XHTML 1.0 Transitional//EN"
    "http://www.w3.org/TR/xhtml1/DTD/xhtml1-transitional.dtd">
<html xmlns="http://www.w3.org/1999/xhtml" xml:lang="en" lang="en">
 <head>
  <title>
</title>
<meta http-equiv="Content-Type" content="text/html;charset=utf-8" />
  <meta name='ocr-system' content='tesseract 3.04.00' />
  <meta name='ocr-capabilities' content='ocr_page ocr_carea ocr_par ocr_line ocrx_word'/>
</head>
<body>
  <div class='ocr_page' id='page_1' title='image "./qualemapudtatis00moygoog_0057.png"; bbox 0 0 3210 5220; ppageno 0'>
   <div class='ocr_carea' id='block_1_1' title="bbox 712 632 890 700">
    <p class='ocr_par' dir='ltr' id='par_1_1' title="bbox 712 632 890 700">
     <span class='ocr_line' id='line_1_1' title="bbox 712 632 890 700; baseline -0.006 -14"><span class='ocrx_word' id='word_1_1' title='bbox 712 632 890 700; x_wconf 75' lang='grc'>..46-</span> 
     </span>
    </p>
   </div>
   <div class='ocr_carea' id='block_1_2' title="bbox 199 827 1335 1905">
    <p class='ocr_par' dir='ltr' id='par_1_2' title="bbox 199 827 1335 1905">
     <span class='ocr_line' id='line_1_2' title="bbox 266 827 1331 919; baseline 0 -22"><span class='ocrx_word' id='word_1_2' title='bbox 266 827 394 915; x_wconf 88' lang='lat' dir='ltr'>laudat,</span> <span class='ocrx_word' id='word_1_3' title='bbox 409 829 506 917; x_wconf 80' lang='lat' dir='ltr'>cujus</span> <span class='ocrx_word' id='word_1_4' title='bbox 519 829 735 915; x_wconf 88' lang='lat' dir='ltr'>animum,ut</span> <span class='ocrx_word' id='word_1_5' title='bbox 746 829 894 915; x_wconf 88' lang='lat' dir='ltr'>videtur,</span> <span class='ocrx_word' id='word_1_6' title='bbox 909 827 1078 896; x_wconf 80' lang='lat' dir='ltr'>intellexit</span> <span class='ocrx_word' id='word_1_7' title='bbox 1092 830 1205 919; x_wconf 79' lang='lat' dir='ltr'>magis</span> <span class='ocrx_word' id='word_1_8' title='bbox 1221 849 1331 918; x_wconf 88' lang='lat' dir='ltr'>quam</span> 
     </span>
     <span class='ocr_line' id='line_1_3' title="bbox 266 973 1334 1063; baseline 0.002 -22"><span class='ocrx_word' id='word_1_9' title='bbox 266 975 419 1043; x_wconf 87' lang='lat' dir='ltr'>imitatus</span> <span class='ocrx_word' id='word_1_10' title='bbox 447 979 511 1048; x_wconf 89' lang='lat' dir='ltr'>est.</span> <span class='ocrx_word' id='word_1_11' title='bbox 541 973 691 1055; x_wconf 82' lang='lat' dir='ltr'><strong>Quidam</strong></span> <span class='ocrx_word' id='word_1_12' title='bbox 713 975 751 1041; x_wconf 90' lang='lat' dir='ltr'>in</span> <span class='ocrx_word' id='word_1_13' title='bbox 777 973 938 1042; x_wconf 88' lang='lat' dir='ltr'>secundis</span> <span class='ocrx_word' id='word_1_14' title='bbox 963 974 1170 1062; x_wconf 86' lang='lat' dir='ltr'>consistunt,</span> <span class='ocrx_word' id='word_1_15' title='bbox 1200 974 1334 1063; x_wconf 89' lang='lat' dir='ltr'>quihus</span> 
     </span>
     <span class='ocr_line' id='line_1_4' title="bbox 267 1111 1335 1203; baseline -0.002 -21"><span class='ocrx_word' id='word_1_16' title='bbox 267 1114 366 1184; x_wconf 83' lang='lat' dir='ltr'>deest</span> <span class='ocrx_word' id='word_1_17' title='bbox 393 1113 451 1181; x_wconf 93' lang='lat' dir='ltr'>illa</span> <span class='ocrx_word' id='word_1_18' title='bbox 477 1113 659 1182; x_wconf 78' lang='lat' dir='ltr'>excelsitas</span> <span class='ocrx_word' id='word_1_19' title='bbox 684 1113 792 1181; x_wconf 90' lang='lat' dir='ltr'>animi</span> <span class='ocrx_word' id='word_1_20' title='bbox 824 1112 891 1181; x_wconf 90' lang='lat' dir='ltr'>sibi</span> <span class='ocrx_word' id='word_1_21' title='bbox 928 1111 1145 1200; x_wconf 87' lang='lat' dir='ltr'>sufficientis,</span> <span class='ocrx_word' id='word_1_22' title='bbox 1177 1133 1335 1203; x_wconf 89' lang='lat' dir='ltr'>quorum·</span> 
     </span>
     <span class='ocr_line' id='line_1_5' title="bbox 267 1254 1330 1349; baseline -0.003 -24"><span class='ocrx_word' id='word_1_23' title='bbox 267 1258 374 1326; x_wconf 86' lang='lat' dir='ltr'>virtus</span> <span class='ocrx_word' id='word_1_24' title='bbox 396 1257 513 1325; x_wconf 91' lang='lat' dir='ltr'>minus</span> <span class='ocrx_word' id='word_1_25' title='bbox 545 1256 686 1325; x_wconf 87' lang='lat' dir='ltr'>robusta</span> <span class='ocrx_word' id='word_1_26' title='bbox 710 1255 842 1346; x_wconf 88' lang='lat' dir='ltr'>(nescio</span> <span class='ocrx_word' id='word_1_27' title='bbox 868 1275 913 1323; x_wconf 90' lang='lat' dir='ltr'>an</span> <span class='ocrx_word' id='word_1_28' title='bbox 941 1254 978 1322; x_wconf 92' lang='lat' dir='ltr'>in</span> <span class='ocrx_word' id='word_1_29' title='bbox 1007 1254 1191 1323; x_wconf 91' lang='lat' dir='ltr'>hominum</span> <span class='ocrx_word' id='word_1_30' title='bbox 1212 1274 1330 1349; x_wconf 89' lang='lat' dir='ltr'>com-</span> 
     </span>
     <span class='ocr_line' id='line_1_6' title="bbox 267 1390 1331 1496; baseline -0.002 -32"><span class='ocrx_word' id='word_1_31' title='bbox 267 1396 398 1496; x_wconf 88' lang='lat' dir='ltr'>mercio</span> <span class='ocrx_word' id='word_1_32' title='bbox 416 1391 615 1483; x_wconf 72' lang='lat' dir='ltr'>Jucundior)</span> <span class='ocrx_word' id='word_1_33' title='bbox 632 1392 842 1482; x_wconf 89' lang='lat' dir='ltr'>quibusdam</span> <span class='ocrx_word' id='word_1_34' title='bbox 860 1392 960 1482; x_wconf 88' lang='lat' dir='ltr'>quasi</span> <span class='ocrx_word' id='word_1_35' title='bbox 974 1390 1119 1460; x_wconf 89' lang='lat' dir='ltr'>laudum</span> <span class='ocrx_word' id='word_1_36' title='bbox 1135 1392 1331 1462; x_wconf 90' lang='lat' dir='ltr'>adminicu-</span> 
     </span>
     <span class='ocr_line' id='line_1_7' title="bbox 267 1529 1332 1620; baseline 0.003 -23"><span class='ocrx_word' id='word_1_37' title='bbox 267 1530 309 1598; x_wconf 87' lang='lat' dir='ltr'>lis</span> <span class='ocrx_word' id='word_1_38' title='bbox 338 1537 432 1620; x_wconf 81' lang='lat' dir='ltr'>eget3</span> <span class='ocrx_word' id='word_1_39' title='bbox 464 1531 595 1599; x_wconf 90' lang='lat' dir='ltr'>scilicet</span> <span class='ocrx_word' id='word_1_40' title='bbox 617 1550 688 1598; x_wconf 90' lang='lat' dir='ltr'>non</span> <span class='ocrx_word' id='word_1_41' title='bbox 711 1530 794 1598; x_wconf 91' lang='lat' dir='ltr'>honi</span> <span class='ocrx_word' id='word_1_42' title='bbox 823 1532 959 1598; x_wconf 84' lang='lat' dir='ltr'>tantdm</span> <span class='ocrx_word' id='word_1_43' title='bbox 990 1550 1081 1618; x_wconf 90' lang='lat' dir='ltr'>esse,</span> <span class='ocrx_word' id='word_1_44' title='bbox 1114 1529 1178 1598; x_wconf 93' lang='lat' dir='ltr'>sed</span> <span class='ocrx_word' id='word_1_45' title='bbox 1209 1531 1332 1601; x_wconf 88' lang='lat' dir='ltr'>haberi</span> 
     </span>
     <span class='ocr_line' id='line_1_8' title="bbox 267 1677 1333 1767; baseline 0.001 -21"><span class='ocrx_word' id='word_1_46' title='bbox 267 1679 398 1767; x_wconf 87' lang='lat' dir='ltr'>volunt,</span> <span class='ocrx_word' id='word_1_47' title='bbox 420 1684 455 1746; x_wconf 93' lang='lat' dir='ltr'>et</span> <span class='ocrx_word' id='word_1_48' title='bbox 475 1678 614 1746; x_wconf 90' lang='lat' dir='ltr'>illorum</span> <span class='ocrx_word' id='word_1_49' title='bbox 636 1677 801 1746; x_wconf 89' lang='lat' dir='ltr'>honestas</span> <span class='ocrx_word' id='word_1_50' title='bbox 822 1677 1006 1744; x_wconf 87' lang='lat' dir='ltr'>hominurn</span> <span class='ocrx_word' id='word_1_51' title='bbox 1030 1677 1184 1765; x_wconf 90' lang='lat' dir='ltr'>opinioni</span> <span class='ocrx_word' id='word_1_52' title='bbox 1207 1677 1333 1747; x_wconf 90' lang='lat' dir='ltr'>lenoci-</span> 
     </span>
     <span class='ocr_line' id='line_1_9' title="bbox 199 1815 1333 1905; baseline -0.001 -19"><span class='ocrx_word' id='word_1_53' title='bbox 199 1865 219 1886; x_wconf 53' lang='grc'>,</span> <span class='ocrx_word' id='word_1_54' title='bbox 267 1822 380 1886; x_wconf 88' lang='lat' dir='ltr'>natur.</span> <span class='ocrx_word' id='word_1_55' title='bbox 401 1818 451 1886; x_wconf 87' lang='lat' dir='ltr'>Ea</span> <span class='ocrx_word' id='word_1_56' title='bbox 469 1816 572 1885; x_wconf 88' lang='lat' dir='ltr'>Plinii</span> <span class='ocrx_word' id='word_1_57' title='bbox 593 1816 739 1903; x_wconf 63' lang='lat' dir='ltr'>indoles</span> <span class='ocrx_word' id='word_1_58' title='bbox 767 1836 809 1884; x_wconf 91' lang='lat' dir='ltr'>ea</span> <span class='ocrx_word' id='word_1_59' title='bbox 833 1816 960 1884; x_wconf 83' lang='lat' dir='ltr'>virtus:</span> <span class='ocrx_word' id='word_1_60' title='bbox 986 1815 1157 1884; x_wconf 89' lang='lat' dir='ltr'>habemus</span> <span class='ocrx_word' id='word_1_61' title='bbox 1180 1816 1333 1905; x_wconf 82' lang='lat' dir='ltr'>alioquin</span> 
     </span>
    </p>
   </div>
   <div class='ocr_carea' id='block_1_3' title="bbox 266 1965 1337 3060">
    <p class='ocr_par' dir='ltr' id='par_1_3' title="bbox 266 1965 1337 3060">
     <span class='ocr_line' id='line_1_10' title="bbox 268 1965 1333 2037; baseline 0 -1"><span class='ocrx_word' id='word_1_62' title='bbox 268 1968 491 2037; x_wconf 85' lang='lat' dir='ltr'>confitentem</span> <span class='ocrx_word' id='word_1_63' title='bbox 502 1988 623 2036; x_wconf 87' lang='lat' dir='ltr'>reum:</span> <span class='ocrx_word' id='word_1_64' title='bbox 643 1967 809 2036; x_wconf 81' lang='lat' dir='ltr'>Rusticus</span> <span class='ocrx_word' id='word_1_65' title='bbox 826 1965 1003 2034; x_wconf 84' lang='lat' dir='ltr'>Arulenus</span> <span class='ocrx_word' id='word_1_66' title='bbox 1022 1965 1114 2035; x_wconf 90' lang='lat' dir='ltr'>illius</span> <span class='ocrx_word' id='word_1_67' title='bbox 1128 1965 1333 2036; x_wconf 88' lang='lat' dir='ltr'>adoloscen-</span> 
     </span>
     <span class='ocr_line' id='line_1_11' title="bbox 266 2109 1322 2199; baseline -0.002 -19"><span class='ocrx_word' id='word_1_68' title='bbox 266 2113 352 2181; x_wconf 88' lang='lat' dir='ltr'>tiam</span> <span class='ocrx_word' id='word_1_69' title='bbox 365 2112 511 2182; x_wconf 84' lang='lat' dir='ltr'>foverat:</span> <span class='ocrx_word' id='word_1_70' title='bbox 535 2111 753 2199; x_wconf 78' lang='lat' dir='ltr'>«Laudibus,</span> <span class='ocrx_word' id='word_1_71' title='bbox 773 2112 886 2199; x_wconf 91' lang='lat' dir='ltr'>inquit</span> <span class='ocrx_word' id='word_1_72' title='bbox 902 2110 1047 2196; x_wconf 82' lang='lat' dir='ltr'>Plinius,</span> <span class='ocrx_word' id='word_1_73' title='bbox 1067 2115 1108 2179; x_wconf 93' lang='lat' dir='ltr'>ut</span> <span class='ocrx_word' id='word_1_74' title='bbox 1124 2109 1322 2179; x_wconf 88' lang='lat' dir='ltr'>laudandus</span> 
     </span>
     <span class='ocr_line' id='line_1_12' title="bbox 267 2250 1333 2349; baseline -0.002 -28"><span class='ocrx_word' id='word_1_75' title='bbox 267 2253 405 2321; x_wconf 89' lang='lat' dir='ltr'>viderer</span> <span class='ocrx_word' id='word_1_76' title='bbox 421 2251 549 2322; x_wconf 79' lang='lat' dir='ltr'>effecit.</span> <span class='ocrx_word' id='word_1_77' title='bbox 568 2252 608 2341; x_wconf 83' lang='lat' dir='ltr'>(l.</span> <span class='ocrx_word' id='word_1_78' title='bbox 629 2251 702 2340; x_wconf 72' lang='lat' dir='ltr'>lla).</span> <span class='ocrx_word' id='word_1_79' title='bbox 726 2275 740 2318; x_wconf 86' lang='lat'>»</span> <span class='ocrx_word' id='word_1_80' title='bbox 763 2251 875 2338; x_wconf 91' lang='lat' dir='ltr'>Idem,</span> <span class='ocrx_word' id='word_1_81' title='bbox 890 2257 1027 2321; x_wconf 91' lang='lat' dir='ltr'>mortuo</span> <span class='ocrx_word' id='word_1_82' title='bbox 1047 2250 1215 2349; x_wconf 78' lang='lat' dir='ltr'>Coreillio·</span> <span class='ocrx_word' id='word_1_83' title='bbox 1228 2251 1333 2338; x_wconf 85' lang='lat' dir='ltr'>Rufo,</span> 
     </span>
     <span class='ocr_line' id='line_1_13' title="bbox 272 2381 1331 2479; baseline -0.001 -22"><span class='ocrx_word' id='word_1_84' title='bbox 272 2389 333 2476; x_wconf 84' lang='lat' dir='ltr'>qui</span> <span class='ocrx_word' id='word_1_85' title='bbox 361 2389 441 2457; x_wconf 86' lang='lat' dir='ltr'>vitae</span> <span class='ocrx_word' id='word_1_86' title='bbox 476 2388 587 2475; x_wconf 88' lang='lat' dir='ltr'>testis,</span> <span class='ocrx_word' id='word_1_87' title='bbox 611 2393 738 2474; x_wconf 88' lang='lat' dir='ltr'>rector,</span> <span class='ocrx_word' id='word_1_88' title='bbox 772 2388 936 2479; x_wconf 81' lang='lat' dir='ltr'>magister</span> <span class='ocrx_word' id='word_1_89' title='bbox 963 2381 1098 2457; x_wconf 88' lang='lat' dir='ltr'>fuerat:</span> <span class='ocrx_word' id='word_1_90' title='bbox 1145 2387 1331 2475; x_wconf 83' lang='lat' dir='ltr'>«Vereor,</span> 
     </span>
     <span class='ocr_line' id='line_1_14' title="bbox 269 2523 1336 2615; baseline -0.001 -21"><span class='ocrx_word' id='word_1_91' title='bbox 269 2526 394 2614; x_wconf 88' lang='lat' dir='ltr'>inquit,</span> <span class='ocrx_word' id='word_1_92' title='bbox 424 2545 469 2593; x_wconf 90' lang='lat' dir='ltr'>ne</span> <span class='ocrx_word' id='word_1_93' title='bbox 492 2525 725 2615; x_wconf 76' lang='lat' dir='ltr'>negligentius</span> <span class='ocrx_word' id='word_1_94' title='bbox 751 2525 877 2592; x_wconf 89' lang='lat' dir='ltr'>vivam.</span> <span class='ocrx_word' id='word_1_95' title='bbox 903 2523 1038 2614; x_wconf 36' lang='lat' dir='ltr'>(leta).</span> <span class='ocrx_word' id='word_1_96' title='bbox 1060 2546 1078 2592; x_wconf 80' lang='lat' dir='ltr'>r</span> <span class='ocrx_word' id='word_1_97' title='bbox 1102 2525 1192 2594; x_wconf 83' lang='lat' dir='ltr'>Haec</span> <span class='ocrx_word' id='word_1_98' title='bbox 1216 2532 1336 2594; x_wconf 87' lang='lat' dir='ltr'>autem</span> 
     </span>
     <span class='ocr_line' id='line_1_15' title="bbox 268 2674 1332 2766; baseline -0.001 -24"><span class='ocrx_word' id='word_1_99' title='bbox 268 2674 385 2744; x_wconf 89' lang='lat' dir='ltr'>aiebat</span> <span class='ocrx_word' id='word_1_100' title='bbox 410 2679 531 2745; x_wconf 87' lang='lat' dir='ltr'>noster</span> <span class='ocrx_word' id='word_1_101' title='bbox 548 2674 753 2744; x_wconf 85' lang='lat' dir='ltr'>tricesinum</span> <span class='ocrx_word' id='word_1_102' title='bbox 773 2681 912 2744; x_wconf 85' lang='lat' dir='ltr'>sextum</span> <span class='ocrx_word' id='word_1_103' title='bbox 930 2675 1040 2743; x_wconf 90' lang='lat' dir='ltr'>aetatis</span> <span class='ocrx_word' id='word_1_104' title='bbox 1064 2695 1196 2744; x_wconf 90' lang='lat' dir='ltr'>annum</span> <span class='ocrx_word' id='word_1_105' title='bbox 1213 2694 1332 2766; x_wconf 85' lang='lat' dir='ltr'>agens.</span> 
     </span>
     <span class='ocr_line' id='line_1_16' title="bbox 269 2825 1337 2922; baseline -0.002 -27"><span class='ocrx_word' id='word_1_106' title='bbox 269 2826 545 2922; x_wconf 23' lang='lat' dir='ltr'>Itaoadolescens</span> <span class='ocrx_word' id='word_1_107' title='bbox 563 2827 607 2897; x_wconf 90' lang='lat' dir='ltr'>ad</span> <span class='ocrx_word' id='word_1_108' title='bbox 625 2827 767 2895; x_wconf 89' lang='lat' dir='ltr'>laudem</span> <span class='ocrx_word' id='word_1_109' title='bbox 790 2826 894 2895; x_wconf 91' lang='lat' dir='ltr'>simul</span> <span class='ocrx_word' id='word_1_110' title='bbox 914 2831 949 2895; x_wconf 90' lang='lat' dir='ltr'>et</span> <span class='ocrx_word' id='word_1_111' title='bbox 967 2825 1011 2894; x_wconf 92' lang='lat' dir='ltr'>ad</span> <span class='ocrx_word' id='word_1_112' title='bbox 1024 2826 1189 2895; x_wconf 87' lang='lat' dir='ltr'>virtutem</span> <span class='ocrx_word' id='word_1_113' title='bbox 1211 2826 1337 2895; x_wconf 92' lang='lat' dir='ltr'>conni-</span> 
     </span>
     <span class='ocr_line' id='line_1_17' title="bbox 267 2969 1336 3060; baseline 0.001 -22"><span class='ocrx_word' id='word_1_114' title='bbox 267 2972 418 3059; x_wconf 87' lang='lat' dir='ltr'>tebatur,</span> <span class='ocrx_word' id='word_1_115' title='bbox 442 2993 509 3042; x_wconf 89' lang='lat' dir='ltr'>nec</span> <span class='ocrx_word' id='word_1_116' title='bbox 532 2973 629 3059; x_wconf 84' lang='lat' dir='ltr'>satis,</span> <span class='ocrx_word' id='word_1_117' title='bbox 654 2981 693 3041; x_wconf 90' lang='lat' dir='ltr'>ut</span> <span class='ocrx_word' id='word_1_118' title='bbox 721 2971 870 3060; x_wconf 86' lang='lat' dir='ltr'>videtur,</span> <span class='ocrx_word' id='word_1_119' title='bbox 891 2969 1015 3040; x_wconf 85' lang='lat' dir='ltr'>firmus</span> <span class='ocrx_word' id='word_1_120' title='bbox 1033 2975 1108 3038; x_wconf 87' lang='lat' dir='ltr'>erat</span> <span class='ocrx_word' id='word_1_121' title='bbox 1125 2970 1163 3037; x_wconf 91' lang='lat' dir='ltr'>in</span> <span class='ocrx_word' id='word_1_122' title='bbox 1185 2970 1336 3058; x_wconf 75' lang='lat' dir='ltr'>utraque</span> 
     </span>
    </p>
   </div>
   <div class='ocr_carea' id='block_1_4' title="bbox 267 3111 1341 3479">
    <p class='ocr_par' dir='ltr' id='par_1_4' title="bbox 267 3111 1341 3479">
     <span class='ocr_line' id='line_1_18' title="bbox 268 3111 1339 3203; baseline -0.004 -19"><span class='ocrx_word' id='word_1_123' title='bbox 268 3136 307 3185; x_wconf 90' lang='lat' dir='ltr'>re</span> <span class='ocrx_word' id='word_1_124' title='bbox 334 3117 590 3203; x_wconf 70' lang='lat' dir='ltr'>discernenda,</span> <span class='ocrx_word' id='word_1_125' title='bbox 615 3135 755 3185; x_wconf 82' lang='lat' dir='ltr'>necnon</span> <span class='ocrx_word' id='word_1_126' title='bbox 783 3114 836 3182; x_wconf 91' lang='lat' dir='ltr'>vir</span> <span class='ocrx_word' id='word_1_127' title='bbox 859 3113 970 3182; x_wconf 89' lang='lat' dir='ltr'>factus</span> <span class='ocrx_word' id='word_1_128' title='bbox 995 3131 1112 3180; x_wconf 93' lang='lat' dir='ltr'>mores</span> <span class='ocrx_word' id='word_1_129' title='bbox 1129 3131 1212 3180; x_wconf 91' lang='lat' dir='ltr'>suos</span> <span class='ocrx_word' id='word_1_130' title='bbox 1232 3111 1339 3180; x_wconf 88' lang='lat' dir='ltr'>confi·</span> 
     </span>
     <span class='ocr_line' id='line_1_19' title="bbox 267 3246 1339 3338; baseline -0.004 -19"><span class='ocrx_word' id='word_1_131' title='bbox 267 3250 406 3321; x_wconf 89' lang='lat' dir='ltr'>tebatur</span> <span class='ocrx_word' id='word_1_132' title='bbox 418 3271 462 3318; x_wconf 79' lang='lat' dir='ltr'>ex</span> <span class='ocrx_word' id='word_1_133' title='bbox 477 3251 592 3319; x_wconf 75' lang='lat' dir='ltr'>alieni</span> <span class='ocrx_word' id='word_1_134' title='bbox 610 3248 857 3338; x_wconf 82' lang='lat' dir='ltr'>approbatione</span> <span class='ocrx_word' id='word_1_135' title='bbox 874 3246 1042 3336; x_wconf 90' lang='lat' dir='ltr'>pendere.</span> <span class='ocrx_word' id='word_1_136' title='bbox 1057 3246 1150 3314; x_wconf 89' lang='lat' dir='ltr'>Rem</span> <span class='ocrx_word' id='word_1_137' title='bbox 1166 3251 1287 3314; x_wconf 89' lang='lat' dir='ltr'>tamen</span> <span class='ocrx_word' id='word_1_138' title='bbox 1306 3247 1339 3315; x_wconf 92' lang='lat' dir='ltr'>si</span> 
     </span>
     <span class='ocr_line' id='line_1_20' title="bbox 269 3386 1341 3479; baseline -0.004 -20"><span class='ocrx_word' id='word_1_139' title='bbox 269 3391 347 3479; x_wconf 92' lang='lat' dir='ltr'>quis</span> <span class='ocrx_word' id='word_1_140' title='bbox 369 3390 525 3459; x_wconf 83' lang='lat' dir='ltr'>severius</span> <span class='ocrx_word' id='word_1_141' title='bbox 550 3388 811 3476; x_wconf 85' lang='lat' dir='ltr'>reprehendere</span> <span class='ocrx_word' id='word_1_142' title='bbox 841 3387 936 3471; x_wconf 88' lang='lat' dir='ltr'>volit,</span> <span class='ocrx_word' id='word_1_143' title='bbox 958 3386 1161 3456; x_wconf 89' lang='lat' dir='ltr'>meminerit</span> <span class='ocrx_word' id='word_1_144' title='bbox 1184 3387 1341 3456; x_wconf 83' lang='lat' dir='ltr'>multum</span> 
     </span>
    </p>
   </div>
   <div class='ocr_carea' id='block_1_5' title="bbox 266 3523 1338 3755">
    <p class='ocr_par' dir='ltr' id='par_1_5' title="bbox 266 3523 1338 3755">
     <span class='ocr_line' id='line_1_21' title="bbox 266 3523 1338 3615; baseline -0.004 -18"><span class='ocrx_word' id='word_1_145' title='bbox 266 3529 321 3597; x_wconf 91' lang='lat' dir='ltr'>his</span> <span class='ocrx_word' id='word_1_146' title='bbox 339 3528 455 3597; x_wconf 86' lang='lat' dir='ltr'>verbis</span> <span class='ocrx_word' id='word_1_147' title='bbox 473 3526 651 3595; x_wconf 85' lang='lat' dir='ltr'>modestiae</span> <span class='ocrx_word' id='word_1_148' title='bbox 676 3547 767 3615; x_wconf 91' lang='lat' dir='ltr'>esse,</span> <span class='ocrx_word' id='word_1_149' title='bbox 787 3524 938 3595; x_wconf 82' lang='lat' dir='ltr'>multum</span> <span class='ocrx_word' id='word_1_150' title='bbox 966 3525 1072 3593; x_wconf 90' lang='lat' dir='ltr'>etiarn</span> <span class='ocrx_word' id='word_1_151' title='bbox 1088 3523 1338 3613; x_wconf 78' lang='lat' dir='ltr'>humanitatiS,</span> 
     </span>
     <span class='ocr_line' id='line_1_22' title="bbox 269 3658 1277 3755; baseline -0.007 -22"><span class='ocrx_word' id='word_1_152' title='bbox 269 3669 304 3733; x_wconf 90' lang='lat' dir='ltr'>et</span> <span class='ocrx_word' id='word_1_153' title='bbox 314 3663 409 3755; x_wconf 91' lang='lat' dir='ltr'>piam</span> <span class='ocrx_word' id='word_1_154' title='bbox 427 3667 631 3752; x_wconf 83' lang='lat' dir='ltr'>gratamque</span> <span class='ocrx_word' id='word_1_155' title='bbox 641 3662 679 3729; x_wconf 92' lang='lat' dir='ltr'>in</span> <span class='ocrx_word' id='word_1_156' title='bbox 690 3659 894 3730; x_wconf 83' lang='lat' dir='ltr'>defunctum</span> <span class='ocrx_word' id='word_1_157' title='bbox 908 3679 1033 3728; x_wconf 89' lang='lat' dir='ltr'>senem</span> <span class='ocrx_word' id='word_1_158' title='bbox 1051 3658 1277 3728; x_wconf 90' lang='lat' dir='ltr'>memoriam.</span> 
     </span>
    </p>
   </div>
   <div class='ocr_carea' id='block_1_6' title="bbox 357 3796 1334 3924">
    <p class='ocr_par' dir='ltr' id='par_1_6' title="bbox 357 3796 1334 3924">
     <span class='ocr_line' id='line_1_23' title="bbox 357 3796 1334 3924; baseline -0.003 -20"><span class='ocrx_word' id='word_1_159' title='bbox 357 3835 495 3922; x_wconf 91' lang='lat' dir='ltr'>Nullus,</span> <span class='ocrx_word' id='word_1_160' title='bbox 543 3834 662 3921; x_wconf 88' lang='lat' dir='ltr'>credo,</span> <span class='ocrx_word' id='word_1_161' title='bbox 698 3796 899 3903; x_wconf 62' lang='lat' dir='ltr'>³educandos</span> <span class='ocrx_word' id='word_1_162' title='bbox 935 3834 1123 3924; x_wconf 89' lang='lat' dir='ltr'>discipulos</span> <span class='ocrx_word' id='word_1_163' title='bbox 1163 3834 1334 3923; x_wconf 86' lang='lat' dir='ltr'>suscepit,</span> 
     </span>
    </p>
   </div>
   <div class='ocr_carea' id='block_1_7' title="bbox 269 3975 1335 4209">
    <p class='ocr_par' dir='ltr' id='par_1_7' title="bbox 269 3975 1335 4209">
     <span class='ocr_line' id='line_1_24' title="bbox 270 3975 1332 4069; baseline -0.005 -22"><span class='ocrx_word' id='word_1_164' title='bbox 270 3980 353 4069; x_wconf 91' lang='lat' dir='ltr'>quin</span> <span class='ocrx_word' id='word_1_165' title='bbox 376 3980 415 4047; x_wconf 90' lang='lat' dir='ltr'>in</span> <span class='ocrx_word' id='word_1_166' title='bbox 438 3976 610 4066; x_wconf 88' lang='lat' dir='ltr'>quasdam</span> <span class='ocrx_word' id='word_1_167' title='bbox 633 3975 972 4045; x_wconf 89' lang='lat' dir='ltr'>adolescentulorum</span> <span class='ocrx_word' id='word_1_168' title='bbox 996 3975 1132 4044; x_wconf 88' lang='lat' dir='ltr'>indoles</span> <span class='ocrx_word' id='word_1_169' title='bbox 1157 3975 1332 4061; x_wconf 89' lang='lat' dir='ltr'>inciderit,</span> 
     </span>
     <span class='ocr_line' id='line_1_25' title="bbox 269 4116 1335 4209; baseline -0.004 -21"><span class='ocrx_word' id='word_1_170' title='bbox 269 4119 360 4208; x_wconf 92' lang='lat' dir='ltr'>apud</span> <span class='ocrx_word' id='word_1_171' title='bbox 379 4139 467 4209; x_wconf 89' lang='lat' dir='ltr'>quos</span> <span class='ocrx_word' id='word_1_172' title='bbox 484 4117 677 4206; x_wconf 80' lang='lat' dir='ltr'>plurimum</span> <span class='ocrx_word' id='word_1_173' title='bbox 701 4116 874 4184; x_wconf 74' lang='lat' dir='ltr'>aemulatio</span> <span class='ocrx_word' id='word_1_174' title='bbox 894 4116 984 4184; x_wconf 85' lang='lat' dir='ltr'>valet</span> <span class='ocrx_word' id='word_1_175' title='bbox 1006 4138 1012 4183; x_wconf 94' lang='lat'>:</span> <span class='ocrx_word' id='word_1_176' title='bbox 1031 4121 1233 4206; x_wconf 88' lang='lat' dir='ltr'>postquam</span> <span class='ocrx_word' id='word_1_177' title='bbox 1260 4135 1335 4184; x_wconf 94' lang='lat' dir='ltr'>mo-</span> 
     </span>
    </p>
   </div>
   <div class='ocr_carea' id='block_1_8' title="bbox 269 4256 1341 4349">
    <p class='ocr_par' dir='ltr' id='par_1_8' title="bbox 269 4256 1341 4349">
     <span class='ocr_line' id='line_1_26' title="bbox 269 4256 1341 4349; baseline -0.004 -21"><span class='ocrx_word' id='word_1_178' title='bbox 269 4261 379 4349; x_wconf 81' lang='lat' dir='ltr'>destia</span> <span class='ocrx_word' id='word_1_179' title='bbox 416 4265 451 4329; x_wconf 87' lang='lat' dir='ltr'>et</span> <span class='ocrx_word' id='word_1_180' title='bbox 479 4259 592 4330; x_wconf 89' lang='lat' dir='ltr'>studio</span> <span class='ocrx_word' id='word_1_181' title='bbox 628 4263 832 4330; x_wconf 86' lang='lat' dir='ltr'>meruerunt</span> <span class='ocrx_word' id='word_1_182' title='bbox 863 4263 901 4328; x_wconf 89' lang='lat' dir='ltr'>ut</span> <span class='ocrx_word' id='word_1_183' title='bbox 936 4257 1179 4344; x_wconf 86' lang='lat' dir='ltr'>laudarentur,</span> <span class='ocrx_word' id='word_1_184' title='bbox 1210 4256 1341 4328; x_wconf 89' lang='lat' dir='ltr'>laudes</span> 
     </span>
    </p>
   </div>
   <div class='ocr_carea' id='block_1_9' title="bbox 0 0 1616 5220">
    <p class='ocr_par' dir='ltr' id='par_1_9' title="bbox 0 0 1616 5220">
     <span class='ocr_line' id='line_1_27' title="bbox 0 0 1616 5220; baseline 0 0"><span class='ocrx_word' id='word_1_185' title='bbox 0 0 1616 5220; x_wconf 95' lang='lat' dir='ltr'> </span> 
     </span>
    </p>
   </div>
  </div>
 </body>
</html>
