3210 5220
716 646 895 714 ...06-

281 835 360 900 verb
378 832 434 901 ille
452 837 566 900 orator
577 831 782 921 eloquentiae
795 833 953 921 exempla
971 833 1186 921 proponebat
1199 818 1341 920 amieis,

282 973 316 1037 et
355 971 556 1039 auctoritate
593 971 656 1037 sua
689 969 882 1058 ,iunioribus
922 970 1212 1040 commendabat‘.l
1244 972 1342 1040 Dum

281 1110 563 1193 Demosthenem,
585 1109 640 1176 Dii
661 1108 759 1177 boni!
779 1109 907 1177 imitari
923 1114 1045 1194 tentat,
1065 1129 1136 1176 non
1161 1109 1342 1178 Ciceronis

279 1268 396 1335 ληκύθους
428 1249 556 1338 fugisse
601 1246 793 1337 profitetur,
825 1247 960 1336 quoties
997 1247 1177 1337 paululum
1211 1250 1339 1317 itinere
1435 1300 1438 1307 .

279 1379 461 1466 decedere,
489 1399 555 1446 nee
573 1378 824 1467 intempestivis
844 1378 1102 1447 amoenitatibus
1122 1379 1338 1447 admoneba-

278 1525 335 1587 tur
360 1519 402 1609 (I.
427 1517 476 1606 2).
501 1517 648 1598 Qualem
673 1517 782 1586 fuisse
808 1519 902 1586 illam
929 1519 1122 1587 orationem
1144 1519 1268 1587 credas
1292 1519 1337 1587 de

277 1663 368 1749 qua:
388 1677 408 1727 'a
439 1659 533 1728 Sunt
555 1661 716 1748 quadam
741 1660 1009 1728 adolescentium
1028 1661 1175 1730 curibus
1197 1661 1340 1747 dando,

276 1802 470 1890 praesertim
493 1801 524 1868 si
553 1801 699 1869 materia
728 1821 799 1868 non
823 1800 1018 1890 refragetur
1024 1823 1041 1884 ,·.
1064 1821 1144 1869 nam
1176 1801 1337 1890 descrip-

275 1945 386 2012 tiones
402 1945 572 2028 locorum,
593 1963 671 2032 quae
689 1944 727 2011 in
743 1943 810 2012 hoo
832 1943 921 2011 libro
943 1943 1197 2032 frequentiores
1217 1951 1339 2031 erunt,

275 2105 345 2153 non
376 2086 540 2153 historice
574 2087 729 2171 tantum,
760 2084 823 2152 sed
853 2105 958 2175 prope
989 2086 1124 2174 poetice
1155 2086 1256 2174 sequi
1282 2086 1334 2155 fas

276 2229 329 2290 est
351 2221 478 2312 (11.5).
500 2243 517 2288 r
537 2221 707 2310 Equidem
725 2222 843 2290 diffido
868 2224 1004 2292 timenti
1029 2243 1074 2290 ne
1098 2221 1183 2311 quid
1204 2221 1336 2291 lautiirs

274 2356 395 2424 fecerit
413 2356 708 2444 quamorationis
735 2358 900 2426 severitas
924 2359 1093 2447 exigeret,
1118 2363 1153 2426 et
1177 2357 1337 2427 exoranti

275 2495 426 2563 amicum
444 2500 483 2563 ut
506 2496 544 2562 in
569 2493 776 2581 quibusdam
800 2495 950 2563 frontem
976 2494 1131 2563 remittat
1157 2493 1335 2584 (ibidem),

274 2635 431 2705 Mussant
458 2636 650 2704 severiores
681 2634 801 2720 amici,
826 2638 861 2701 et
888 2635 925 2701 in
955 2634 1128 2723 poeticam
1152 2631 1333 2702 audaciam

272 2780 511 2868 prolabentem
546 2783 744 2862 revocant3
788 2777 948 2844 renititur
988 2775 1145 2863 Plinius,
1185 2779 1220 2844 et
1254 2773 1335 2844 illos

271 2937 419 3004 κακοζήλους
437 2918 539 3002 dicit,
554 2922 734 2985 eteorum
752 2915 957 2982 tenuitatem
980 2913 1175 3002 insequitur
1193 2919 1229 2983 et
1247 2918 1331 2985 ex'a-

272 3060 366 3148 gitat,
382 3063 466 3126 etut
482 3055 714 3158 timidioribus
733 3053 863 3139 illudit,
877 3054 1004 3143 quibus
1016 3053 1183 3122 tumidius
1208 3055 1330 3126 videa-

269 3203 339 3282 tur,
360 3197 452 3284 quod
480 3202 533 3264 est
557 3195 735 3264 sonantius
757 3200 791 3262 et
816 3193 939 3262 elatius
965 3193 1054 3283 (VII.
1086 3191 1158 3282 42),
1184 3194 1334 3266 Necnon

230 3351 233 3356 ’
270 3334 363 3422 apud
390 3334 585 3420 Lupercum
617 3333 778 3401 eamdem
805 3332 964 3400 accurate
995 3351 1136 3400 causam
1167 3333 1262 3421 agit,
1295 3339 1334 3404 et

270 3475 422 3543 defendit
452 3474 660 3543 audaciam:
698 3497 711 3540 a
743 3473 861 3559 Vides,
887 3474 1012 3562 inquit,
1041 3473 1102 3562 qui
1126 3493 1190 3562 per
1206 3473 1330 3542 funem

267 3614 304 3680 in
334 3632 472 3681 summa
502 3613 698 3699 enituntur,
732 3618 879 3701 quantos
911 3611 1046 3680 soleant
1076 3600 1227 3681 excitare
1256 3612 1328 3688 cla-

267 3772 402 3837 mores,
418 3769 527 3838 quum
556 3751 632 3838 jam·
657 3753 799 3839 jamque
816 3751 947 3818 casuri
976 3749 1137 3818 videntur
1155 3771 1163 3818 ε
1183 3750 1333 3821 Homeri

266 3888 371 3954 etiam
401 3885 718 3975 Demosthenisque
749 3885 908 3974 exemplo
942 3907 981 3954 se
1012 3891 1150 3974 tuetur3
1168 3907 1235 3956 nec
1252 3888 1328 3955 sine

267 4023 418 4111 quadem
436 4024 569 4092 ironia:
595 4029 797 4111 «exspecta,
817 4029 855 4092 ut
874 4024 1036 4113 quaedam
1064 4046 1107 4093 ex
1137 4025 1203 4095 hac
1233 4027 1328 4115 epis·

266 4160 346 4247 tola,
360 4162 494 4230 utillud
513 4162 753 4252 qubernocnlq
771 4165 925 4250 pern-unt,
943 4167 978 4230 et
996 4163 1063 4231 diis
1074 4165 1184 4231 meris
1198 4166 1330 4250 proeci-

265 4321 355 4396 naus,
377 4300 502 4371 iisdem
521 4303 632 4387 notis,
662 4299 788 4391 quibus
808 4321 848 4370 ea
870 4301 914 4370 de
943 4300 1069 4390 quibus
1088 4300 1215 4388 scribo,
1239 4321 1331 4370 con-
