3210 5220
662 671 840 739 ..13-

305 862 439 928 ΙΙοθΙιιθ
467 861 572 927 Lucio
599 861 735 930 Caecilio
757 867 867 949 patre,
895 860 1029 929 Plinius
1054 868 1170 930 noster
1200 864 1281 931 odo-

215 1002 391 1070 lescentim
421 1010 594 1070 rectorem
615 1004 767 1071 Plinium
790 1002 1001 1071 cvirnculum
1019 1002 1151 1086 habuit,
1181 1005 1282 1093 cujus

215 1143 321 1210 etiam
339 1143 375 1210 in
394 1163 535 1226 nomen,
557 1164 620 1231 per
645 1149 892 1212 testamentum
914 1143 1109 1231 adoptatus
1130 1148 1276 1214 transiit.

214 1283 319 1349 Pueri
339 1288 456 1351 autem
480 1284 677 1353 educationi
703 1286 894 1353 avunculus
917 1286 1099 1376 praeluisse
1123 1288 1276 1357 videtur.-

214 1442 281 1510 quo
323 1424 417 1489 enim
465 1424 521 1491 die
558 1425 750 1493 Vesuvium
801 1427 981 1514 periturus
1030 1428 1186 1514 petebat,
1230 1429 1279 1497 illi

212 1567 298 1632 l'orte
334 1565 426 1653 quod
463 1565 634 1633 scriberet
665 1565 809 1633 dederat
841 1566 912 1653 (Vl.
940 1565 1010 1653 lo).
1038 1567 1111 1634 Tali
1135 1567 1277 1655 quidem
1346 1647 1349 1654 Ι

212 1701 248 1766 in
286 1699 513 1767 contubernio
551 1697 760 1767 laboriosum
801 1701 935 1768 Plinius
971 1708 1090 1768 noster
1140 1701 1277 1769 adoles-

185 1842 360 1908 centiam
399 1840 551 1928 prolecto
589 1841 756 1907 exercuit.
806 1842 878 1909 Viri
933 1843 1027 1909 enim
1074 1843 1276 1912 incredibile

211 1983 378 2068 studium,
426 2002 565 2050 sonmo
620 1981 813 2069 vigilantio3
868 1983 1127 2071 occupatissimi
1176 1981 1275 2066 dies;

209 2125 370 2192 noctibus
399 2144 537 2212 quoque
558 2123 745 2209 utebatur3
770 2125 807 2191 in
834 2125 957 2192 itinere
987 2125 1091 2192 etiam
1122 2124 1277 2193 notarius

185 2241 253 2330 ¹od
276 2262 365 2331 latus
393 2282 475 2331 oum
506 2262 594 2331 libro
620 2268 666 2330 et
680 2262 920 2361 pugillaribus
948 2263 1108 2351 nequod
1139 2268 1276 2351 tempus

209 2402 323 2472 studio
345 2403 485 2490 periret.
513 2402 590 2492 (ΙΙΙ.
611 2401 646 2489 5)
662 2402 784 2472 Romae
805 2423 943 2493 quoque
964 2403 1020 2492 (ec
1044 2409 1119 2471 erat
1142 2409 1278 2491 tempo·

207 2534 256 2601 ris
284 2535 511 2625 parcimonia)
535 2535 620 2603 selld
641 2535 847 2620 vehebatur,
879 2535 1035 2604 lecturus
1061 2534 1277 2623 aliquidaut

209 2681 456 2763 excerpturus3
482 2673 741 2742 adolescentem
761 2674 865 2742 etium
887 2672 1141 2762 (oseveritasll
1166 2673 1276 2740 corri-

208 2815 284 2901 puit
308 2814 493 2902 aliquando
512 2835 574 2882 cur
599 2815 810 2883 ambularet:
842 2837 857 2879 ‹
885 2815 1042 2898 Poteras,
1065 2813 1191 2900 inquit,
1212 2811 1276 2879 hos

208 2951 312 3018 horos
337 2973 407 3019 non
440 2953 600 3040 perdere.
629 2978 643 3018 r
677 2955 742 3022 His
767 2975 850 3044 ergo
878 2954 1062 3042 praeceptis
1087 2952 1275 3036 imbutum,

207 3089 262 3156 his
311 3090 480 3178 exemplis
528 3091 754 3160 informatum
797 3099 851 3160 est
897 3091 1009 3159 docile
1045 3089 1277 3159 adolescentis

208 3234 407 3322 ingenium:
441 3234 650 3304 documento
688 3243 742 3305 est
778 3243 850 3305 toto
881 3238 984 3306 Plinii
1011 3237 1081 3305 vito
1103 3242 1137 3305 et
1167 3237 1277 3324 pietas

209 3392 373 3475 grataque
411 3388 448 3455 in
480 3387 690 3456 avunculum
723 3391 904 3458 memoria.
948 3414 962 3456 r
998 3389 1112 3477 Soloe,
1150 3389 1275 3476 inquit,

208 3527 336 3614 ridere,
377 3549 485 3617 quum
516 3550 573 3598 me
618 3532 761 3621 quidam
796 3533 992 3602 studiosum
1026 3540 1163 3620 vocant,
1202 3534 1275 3622 qui,

207 3669 237 3735 si
249 3688 433 3757 comparer
442 3669 504 3751 illi,
518 3670 585 3737 sim
598 3670 927 3742 desidiosissimos.»
942 3673 1076 3763 (llio.)
1091 3673 1276 3754 Quatenus

207 3812 274 3899 pize
303 3811 362 3878 isti
391 3811 574 3880 modestice
600 3813 817 3883 credendum
849 3815 905 3897 sit,
943 3816 1143 3903 incertum;
1183 3818 1278 3884 certe

208 3945 245 4011 in
274 3944 341 4012 hoc
365 3945 523 4014 tirocinio
549 3945 670 4015 didicit
695 3948 789 4036 quod
817 3950 1037 4037 praecipuum
1062 3951 1098 4017 in
1125 3951 1277 4018 hominis

209 4087 289 4171 uitri,
320 4087 492 4156 loborore.

255 4273 316 4342 Illo
333 4280 451 4346 autern
478 4279 640 4347 avunculi
663 4280 700 4347 in
716 4279 934 4350 informando
962 4300 1073 4368 puero
1091 4281 1278 4350 auctoritas
