3210 5220
655 657 831 726 ...37-

107 934 111 942 ,
199 848 317 932 nium,
337 868 479 915 omnem
498 849 535 916 in
549 848 803 937 jucunditatem
832 848 1076 935 compositum,
1100 847 1170 915 otia
1184 864 1269 915 uer*

204 989 324 1057 siculis
343 1009 448 1078 quam
466 989 692 1079 philosophice
715 988 863 1057 reddere
883 988 1017 1058 maluit.

295 1179 422 1249 Noster
439 1181 581 1269 quidem
599 1179 729 1270 aliquid
745 1201 788 1248 ex
807 1181 866 1249 illa
885 1179 1089 1262 QuIntiliani
1113 1181 1271 1271 magistri

200 1324 242 1390 in
266 1308 486 1412 philosophos
506 1325 688 1391 severitate
715 1324 901 1392 retinuisse
924 1324 1061 1393 uidetur
1083 1345 1090 1391 :
1112 1324 1173 1414 qui
1191 1324 1269 1413 qui-

206 1465 288 1533 dem
310 1470 495 1553 postquam
512 1469 650 1534 veteres
671 1465 851 1554 sapientiae
869 1465 1084 1555 professores
1103 1465 1265 1552 laudavit,

202 1632 224 1672 o
250 1608 390 1694 nostris,
403 1608 529 1696 inquit,
544 1607 777 1696 temporibus,
793 1608 860 1677 sub
879 1608 946 1676 hoc
959 1610 1102 1701 nomine
1117 1611 1269 1678 maxima

74 1838 77 1847 Ι
206 1747 243 1812 in
259 1745 433 1833 plerisque
445 1745 526 1812 vitia
537 1743 726 1812 latuerunt.
740 1744 820 1812 Non
836 1745 931 1812 enim
946 1745 1073 1814 virtute
1092 1765 1132 1814 ac
1145 1745 1269 1814 studiis

206 1895 246 1956 ut
267 1888 481 1956 haberentur
512 1887 709 1976 philosophi
734 1886 959 1971 laborabant;
980 1887 1043 1955 sed
1061 1889 1208 1973 vultum,
1235 1896 1271 1957 et

197 2032 392 2116 tristitiam,
407 2036 442 2100 et
455 2030 717 2098 dissentientem
736 2050 757 2098 a
774 2030 907 2098 caeteris
920 2029 1091 2133 habitum,
1107 2030 1271 2118 pessimis

207 2172 364 2241 moribus
395 2171 708 2260 praetendebant.»
750 2171 857 2262 (Inst.
880 2176 966 2240 orat.
999 2173 1036 2239 in
1065 2173 1269 2262 Prooemios)

208 2317 293 2384 Haec
314 2316 397 2401 ille,
430 2316 562 2384 Plinius
591 2317 685 2402 verb,
718 2314 804 2383 dum
835 2313 1098 2384 Artemidorum
1125 2314 1268 2384 laudat:
1393 2360 1396 2367 -

212 2482 227 2524 c
253 2460 304 2527 Ex
324 2457 487 2527 omnibus
517 2457 637 2546 quise
660 2456 885 2545 philosophos
911 2459 1049 2542 vocant,
1075 2456 1133 2523 vix
1160 2473 1272 2523 unum

203 2606 269 2669 aut
287 2600 435 2668 alterum
453 2599 609 2688 reperias
625 2599 723 2666 tanta
744 2598 958 2685 sinceritate,
972 2596 1268 2666 tantaveritate.›

212 2740 290 2827 (HI.
309 2739 382 2826 m.)
409 2737 509 2806 Idem
527 2739 565 2805 in
586 2735 780 2805 extollendo
799 2735 960 2803 Aristone
983 2756 990 2799 :
1030 2757 1045 2799 o
1071 2733 1151 2799 Non
1173 2729 1273 2798 facile

210 2898 425 2969 quemquam
451 2899 495 2946 ex
512 2879 587 2947 istis
618 2880 679 2966 qui
708 2877 887 2966 sapientiae
919 2874 1074 2944 studium
1093 2893 1137 2940 ex
1153 2871 1275 2941 habitu

211 3019 365 3107 corporis
402 3017 605 3107 praeferunt,
625 3019 708 3087 huic
737 3019 812 3086 viro
840 3015 1057 3105 comparabis
1091 3013 1133 3102 (I.
1161 3010 1271 3100 ibt»

209 3161 343 3231 Eadem
360 3160 539 3244 severitas,
569 3160 687 3228 mitior
704 3161 852 3244 tantum,
877 3163 918 3232 ut
937 3157 981 3226 ab
996 3155 1139 3224 homine
1159 3155 1275 3224 mitis-

209 3304 301 3371 simo
314 3301 481 3391 prolecta.
498 3300 711 3405 Euphratem
723 3298 970 3388 philosophum
978 3296 1115 3366 ⁴ertollit
1125 3295 1274 3381 Plinius,

209 3466 252 3514 se
270 3447 353 3512 vero
370 3443 565 3532 sapientem
585 3448 714 3532 negat3
738 3441 815 3530 ejus
833 3441 939 3509 etiam
957 3439 1103 3507 dautes
1128 3457 1174 3506 ne
1193 3438 1276 3506 satis

215 3586 355 3676 quidem
372 3584 560 3674 intelligit:
589 3607 604 3650 a
629 3582 677 3652 Ut
709 3583 804 3651 enim
837 3582 880 3650 de
908 3582 1054 3670 pictore,
1086 3580 1276 3667 sculpture,

213 3727 350 3814 fictore,
363 3726 433 3795 nisi
444 3725 568 3795 artifex
583 3725 753 3814 J'udicare,
767 3724 816 3792 ita
831 3723 900 3791 nisi
918 3723 1058 3813 sapiens
1076 3720 1278 3810 perspicere

215 3884 330 3968 potest
348 3878 554 3967 sapientem.
578 3900 592 3944 a
612 3877 659 3967 ÷(l.
679 3875 754 3965 10.)
774 3876 867 3944 Dum
886 3874 990 3963 igitur
1009 3872 1226 3960 Euphratem
1245 3877 1281 3955 et

215 4013 476 4085 Artemidorum
489 4013 714 4102 philosophos
733 4010 967 4097 commendat,
989 4029 1060 4076 non
1082 4029 1124 4076 ea
1142 4009 1280 4098 attingit

214 4170 296 4238 quae
319 4150 363 4218 ad
391 4151 505 4239 ipsam
528 4152 756 4242 philosophiae
784 4156 916 4220 sectam
948 4149 1146 4239 pertinent3
1181 4166 1280 4215 com-

215 4317 346 4369 munes
357 4301 436 4366 verb
447 4298 604 4384 virtutes,
625 4298 917 4388 mores'optlmos,
932 4295 1170 4365 amoenitatem
1186 4314 1278 4383 praa-
