3210 5220
711 648 886 715 ..55-

269 845 514 914 honestissima
549 844 730 912 amoenitas
767 843 1065 932 reprehendendae
1101 845 1243 914 vanitati
1284 848 1331 915 ita

270 987 469 1072 misceatur,
486 992 524 1054 ut
542 1006 612 1054 non
635 987 767 1053 temere
793 985 988 1075 dignoscas.
1018 986 1112 1054 Num
1144 991 1226 1056 vero
1252 988 1330 1057 lon·

271 1128 349 1217 gius
378 1148 399 1196 1
431 1127 606 1216 proposito
637 1146 753 1194 errare
788 1125 997 1210 videbimur,
1031 1128 1061 1194 si
1092 1131 1160 1216 qui)
1198 1129 1330 1198 melius

268 1270 487 1338 discernatur
505 1268 633 1357 duplex
650 1266 708 1335 illa
727 1273 764 1344 et
779 1269 888 1356 -quasi
918 1267 1082 1358 ambigua
1105 1269 1208 1336 Plinii
1228 1268 1331 1338 iudo-

269 1407 334 1495 les,
353 1407 639 1496 Xenophonteam
656 1404 751 1474 illum
771 1407 850 1496 Cyri
874 1427 1061 1496 personam
1079 1429 1329 1495 memoremus

267 1549 382 1637 qualis
405 1551 442 1618 in
466 1568 546 1638 Κύρου
574 1566 672 1637 παιδείᾳ
701 1550 867 1638 appareti
896 1549 982 1629 Quis
1007 1551 1102 1619 enim
1131 1549 1189 1619 ille
1221 1550 1330 1640 Cyrus

271 1691 370 1779 quus
390 1689 496 1758 1116111
524 1691 562 1758 in
585 1690 654 1759 vitri
679 1691 853 1759 fortunam
882 1690 1078 1778 Xenophon
1110 1699 1329 1762 commentus

270 1837 337 1918 est,
370 1832 509 1920 qualem
540 1832 606 1901 sibi
634 1833 723 1921 ipse,
755 1833 785 1899 si
811 1831 858 1898 dii
885 1831 1153 1915 concessissent,
1189 1830 1328 1901 efficere

270 1968 464 2039 voluisset?
501 1970 542 2038 In
579 1972 727 2059 optimos
756 1969 1069 2053 reverentissimus,
1104 1970 1328 2057 promptissi-

209 2200 212 2205 ,
270 2129 349 2177 mus
368 2109 413 2178 arl
430 2110 691 2200 indulgentiam,
713 2111 848 2180 servata
866 2130 887 2178 6
905 2109 1024 2199 pueris
1043 2109 1088 2178 ad
1107 2115 1328 2178 senectutem

269 2250 482 2336 amoenitate,
502 2251 608 2339 quam
624 2251 791 2340 plurimas
816 2256 929 2319 meret
945 2251 1128 2337 amicitias,
1151 2271 1227 2340 quae
1250 2252 1329 2339 qui-

271 2387 352 2456 dem
385 2390 578 2478 plurimum
619 2390 664 2458 ad
699 2384 958 2459 incrementum
996 2393 1161 2477 prosunt3
1206 2390 1331 2458 amicis

266 2532 364 2600 6111111
376 2539 415 2601 ut
432 2533 569 2619 fruitur,
582 2534 630 2602 ita
642 2534 768 2618 utitur,
792 2538 938 2622 augetur
956 2531 1149 2618 imperium
1164 2532 1330 2600 omnibus

267 2669 569 2757 acceptissimum
589 2670 680 2738 hanc
709 2673 827 2737 autem
846 2669 883 2735 111
907 2667 1090 2735 hominum
1117 2668 1329 2736 commercio

180 2905 183 2910 ἡ
268 2814 584 2901 mansuetudinem,
623 2817 742 2884 utrum
776 2813 924 2882 solertiae
955 2811 1087 2881 referas
1124 2833 1169 2881 an
1200 2813 1330 2881 huma-

268 2947 396 3017 nitati‘l
420 2951 482 3034 lta,
506 2951 590 3020 dum
614 2951 836 3019 honestatem
874 2949 978 3018 simul
1011 2954 1114 3038 atque
1144 2949 1329 3018 utilitatem

268 3087 342 3173 pari
353 3086 514 3158 felicitate
526 3095 758 3173 consectatur,
779 3087 823 3156 ad
845 3107 1022 3156 summam
1041 3087 1192 3175 denique
1212 3091 1330 3155 aucto·

266 3224 404 3294 ritatem
423 3228 680 3316 maximamque
699 3226 852 3315 gloriam,
873 3224 1036 3292 omnibus
1056 3224 1218 3310 dilectus,
1230 3225 1325 3293 nulle
1388 3317 1391 3324 ι

223 3398 225 3402 ⁴
266 3366 454 3453 invidente,
469 3370 585 3437 senior
602 3367 725 3436 evadit.
742 3366 783 3433 In
800 3368 895 3433 tanta
918 3384 1038 3432 rerum
1059 3370 1329 3454 temporumque

267 3508 477 3596 diversitate,
499 3508 606 3577 multa
624 3528 703 3576 cum
723 3506 834 3573 Plinio
852 3504 996 3572 similia:
1014 3504 1071 3573 hic
1085 3525 1223 3594 queque
1238 3506 1331 3593 prin-

268 3649 420 3739 cipatum
446 3654 481 3718 et
509 3648 654 3740 gloriam
673 3645 822 3729 allectat,
843 3650 878 3712 et
896 3644 1190 3711 humanissimam
1213 3648 1330 3711 aucte-

266 3790 404 3858 ritatem
422 3809 498 3879 quae
516 3787 711 3856 volentibus
730 3787 948 3874 imponatur,
972 3783 1030 3850 hic
1049 3801 1187 3871 queque
1208 3781 1330 3850 amici-

266 3932 331 4000 tias
352 3937 465 4000 meret
484 3934 771 4017 consectaturque
795 3933 871 3995 turn
896 3926 1012 3994 animo
1043 3923 1327 4013 jucundissimas,

266 4074 342 4139 tum
355 4069 535 4139 ambitioni
548 4068 661 4139 utiles.
682 4068 722 4137 ln
741 4067 869 4136 multos
888 4065 1076 4150 officiosus
1098 4062 1329 4151 indulgentis·

262 4213 377 4284 simus
387 4216 423 4283 in
436 4234 577 4298 omnes,
598 4212 792 4280 necmimis
804 4208 920 4278 laudat
935 4207 1040 4295 quim
1052 4206 1231 4293 laudatur;
1253 4226 1328 4295 quae
