3210 5220
726 670 925 740 „1100-

287 850 495 918 sanctissimi
512 851 642 940 templa
659 872 783 921 serena
800 855 1019 944 pollicentur,
1032 859 1253 945 paucissimis
1267 880 1353 948 per·

286 992 351 1077 vio,
378 997 413 1059 et
432 991 471 1059 in
492 992 630 1080 quihus,
664 995 802 1061 nonnisi
835 998 939 1065 exuti
975 998 1202 1086 humanitate,
1242 1000 1348 1070 locus

285 1138 426 1206 tandem
447 1143 675 1228 expugnetur,
695 1140 821 1227 quietis
850 1141 955 1209 simul
979 1147 1014 1210 et
1039 1141 1183 1210 tristitiae
1201 1144 1345 1232 plenus,

284 1279 359 1347 Nec
379 1300 459 1370 spes
478 1280 548 1350 ullu
567 1301 642 1370 quae
661 1280 705 1350 ad
730 1281 846 1349 futura
865 1282 1000 1352 evolare
1018 1285 1149 1372 possit:
1170 1285 1348 1356 honestis-

283 1422 371 1490 simo
395 1424 519 1512 cuique
548 1423 733 1535 praegrevis
762 1423 1008 1493 hesternorum
1032 1424 1239 1515 flagitiorum
1263 1449 1347 1499 me-

282 1559 416 1643 morie,
443 1564 478 1628 et
496 1564 658 1646 suspecte
675 1560 844 1626 securitas
862 1578 940 1646 quoe
960 1560 996 1627 in
1015 1561 1120 1629 unius
1145 1565 1258 1651 cupite
1282 1571 1345 1634 eut

280 1697 422 1765 libidine
440 1695 676 1784 periclitatur3
705 1696 827 1784 optimi
851 1695 894 1763 ud
925 1697 1104 1783 praeterite
1132 1665 1338 1788 respiciunt.

279 1839 416 1907 Mortuo
428 1837 638 1921 Domitiano,
660 1835 761 1904 multi
777 1835 938 1924 flagitiosi
956 1837 993 1904 in
1008 1836 1096 1904 urbe
1117 1839 1337 1927 superstites,

278 1987 437 2068 potentes
464 1979 588 2062 etium3
609 1977 681 2064 qui,
708 1976 897 2063 contempti
915 1980 950 2042 et
971 1976 1086 2060 invisi,
1108 1976 1268 2045 coluntur
1297 1981 1341 2047 ti-

278 2128 498 2210 menturque.
521 2118 614 2188 Olim
633 2138 742 2207 quum
762 2117 854 2206 apud
872 2117 1036 2205 Nervam,
1057 2139 1163 2208 super
1184 2140 1335 2207 emnem,

277 2263 314 2329 in
333 2263 521 2350 quemdem
547 2262 718 2331 Catullum
750 2261 976 2330 Messalinum
1002 2282 1117 2330 sermo
1141 2262 1335 2350 incidisset,

276 2424 390 2492 nuper
410 2409 599 2490 mortuum,
618 2405 676 2493 qui
699 2405 827 2493 seepius
844 2424 865 2471 o
880 2403 1074 2472 Domitiano
1099 2405 1136 2472 in
1162 2407 1336 2493 optimum

277 2559 452 2628 quemque
482 2540 580 2627 quasi
599 2540 911 2626 contorquebatur,
932 2559 1110 2628 quumque
1130 2541 1205 2627 ipse
1225 2541 1336 2630 impe-

274 2697 385 2759 rator:
411 2716 425 2758 c
448 2691 548 2773 Quod
562 2697 725 2781 putamus
748 2710 935 2778 passurum
947 2691 1067 2775 fuisse,
1091 2692 1122 2758 si
1133 2692 1294 2759 viveret‘l
1316 2717 1331 2758 »

274 2832 453 2902 -lunius
478 2833 666 2918 Mauricus,
689 2831 792 2899 modo
811 2831 854 2898 ab
874 2832 992 2899 exsilio
1019 2829 1146 2899 redux:
1173 2830 1335 2904 ‹Nobis-

275 2995 354 3041 cum
372 2973 690 3062 conarentur).
714 2997 728 3037 ›

360 3169 507 3237 Plurimi
534 3170 639 3256 igitur
663 3167 895 3268 voluptatibus
925 3167 1161 3255 acquiescere,
1184 3186 1328 3234 ornnem

271 3333 426 3400 operum,
442 3334 584 3382 omnem
605 3314 764 3381 animum
783 3313 819 3378 in
838 3332 879 3380 ea
906 3330 1073 3400 reponere
1112 3309 1239 3398 quibus
1258 3310 1329 3377 sel-

270 3458 342 3519 tom
360 3453 551 3521 certissime
571 3459 606 3520 et
623 3453 660 3520 in
674 3471 828 3542 prensens
846 3451 993 3535 fruaris,
1015 3450 1146 3539 gratioe,
1167 3449 1328 3537 pecuniee

269 3590 473 3674 imminore3
494 3595 530 3657 et
546 3595 753 3658 coeterorum
769 3587 948 3672 incuriosi,
971 3589 1062 3653 totos
1084 3605 1122 3653 se
1149 3585 1187 3651 in
1205 3584 1325 3652 hurni-

267 3733 364 3818 liorc,
396 3732 578 3822 aliquando
608 3733 644 3800 in
677 3733 811 3822 abjecte
836 3732 1032 3800 demittere.
1061 3728 1195 3808 Quibus
1209 3732 1326 3796 autem

268 3884 366 3952 altior
384 3885 521 3952 animus
540 3891 575 3952 et
593 3904 695 3952 mens
719 3883 936 3974 prudentior,
961 3879 1121 3948 diffidunt
1150 3879 1328 3966 proesenti-

265 4023 343 4109 bus,
378 4025 477 4093 etin
507 4026 573 4093 isto
597 4026 795 4109 securitate,
824 4023 1010 4113 quemdem
1037 4021 1189 4089 retinent
1219 4019 1326 4091 enimi

266 4178 526 4269 {egritudinem
558 4180 648 4248 inter
683 4177 759 4246 illos
794 4178 963 4246 tristiores
996 4176 1259 4262 severioresque
1290 4177 1327 4240 et

263 4318 357 4389 hunc
386 4320 581 4392 Mauricum
610 4339 807 4406 numerem,
839 4325 874 4389 et
902 4316 1105 4402 Corellium,
1132 4320 1167 4384 et
1191 4314 1324 4383 Aristo
