3210 5220
711 661 888 728 -qq-

270 850 326 936 sit,
347 849 407 919 ubi
437 859 570 941 regnat.
595 853 790 939 Carnulum,
822 856 1035 946 municipem
1053 855 1278 944 ditissimum,
1299 865 1336 927 et

270 992 398 1081 saepius
423 993 459 1060 in
484 992 674 1063 intentione
700 997 752 1063 rei
778 996 957 1065 familiaris
983 1003 1173 1086 versatum,
1199 1007 1332 1088 monet,

270 1133 442 1220 obsecrat,
463 1141 502 1204 ut
519 1135 669 1204 humiles
688 1137 916 1228 sordidasque
936 1160 1040 1210 curas
1062 1140 1138 1208 aliis
1157 1141 1302 1211 mandet
1324 1164 1333 1209 :

273 1301 288 1344 r
313 1278 447 1368 Effinge
476 1278 605 1367 aliquid
635 1285 670 1347 et
700 1286 824 1349 excute
854 1281 948 1370 quod
967 1283 1013 1351 sit
1034 1286 1203 1374 perpetuo
1225 1291 1330 1354 tuum

271 1425 313 1513 (I.
330 1425 364 1502 3,
391 1447 481 1494 anno
496 1385 565 1515 97).
587 1425 745 1512 Deinde,
777 1427 937 1494 nuntiata
966 1427 1041 1496 Silii
1069 1427 1175 1496 Italici
1206 1435 1333 1514 morte,

269 1567 476 1653 arreptique
495 1565 578 1632 inde
598 1564 794 1649 occasione,
810 1564 971 1633 hortatur
982 1569 1023 1634 ut
1033 1564 1140 1633 vitam
1151 1565 1334 1634 mortalem

270 1711 305 1773 et
325 1705 492 1773 caducam
516 1705 641 1773 studiis
666 1707 760 1774 certe
792 1705 975 1793 proferat:
1002 1727 1117 1796 neque
1141 1707 1333 1796 perierant,
1402 1713 1405 1719 '

270 1853 308 1916 nt
325 1847 473 1931 videtur,
499 1848 610 1915 nostri
633 1847 775 1916 consilia
797 1868 804 1913 :
830 1871 844 1912 r
871 1847 950 1916 Scio
969 1852 1017 1933 te,
1037 1848 1162 1937 inquit,
1183 1849 1334 1918 stimulis

268 2006 340 2055 non
360 2005 483 2074 egere3
502 2006 560 2054 me
579 1991 696 2054 tamen
714 1985 837 2054 caritas
863 1985 915 2054 tui
939 1989 1059 2054 evocat
1076 1990 1116 2054 ut
1133 1991 1336 2054 currentem

270 2144 408 2214 quoque
434 2123 597 2212 instigem
617 2121 694 2211 (ΙΙΙ.
715 2121 839 2190 lanno
861 2117 958 2209 llll).
975 2143 990 2186 r
1008 2119 1173 2190 Caninius
1191 2121 1336 2191 tandem

270 2262 437 2331 Dacicum
473 2263 605 2334 bellum
645 2263 806 2333 versibus
843 2263 965 2354 graecis
1007 2263 1162 2333 scribere
1204 2269 1333 2354 parat:

270 2403 407 2474 laetatur
425 2404 559 2474 Plinius
578 2413 625 2494 et,
638 2407 709 2476 voti
721 2427 877 2497 compos,
896 2426 974 2475 rem
987 2405 1153 2476 studiosis
1165 2407 1351 2497 publicat,

274 2549 386 2619 amico
405 2550 676 2637 exhortationes,
698 2551 841 2621 consilia
852 2551 957 2619 mittit
970 2549 1013 2638 <V
1014 2549 1075 2619 ΙΙΙ.
1091 2548 1122 2635 ll,
1138 2570 1229 2620 anno
1239 2548 1333 2639 109).

270 2691 394 2762 Eidem
413 2692 625 2782 Delphinum
645 2693 909 2783 Hipponensem
925 2691 1067 2778 indicat,
1092 2691 1234 2782 dignam
1260 2692 1336 2782 qui-

271 2839 353 2937 dem
367 2842 564 2926 materiam,
585 2841 652 2909 isto
669 2840 862 2924 laetissimo,
877 2839 1045 2908 altissimo
1062 2839 1235 2927 planeque
1252 2844 1345 2928 poe-1

270 2981 337 3049 tico
354 2981 493 3071 ingenio
511 2980 584 3070 (IX.
602 2977 671 3069 33).
686 3016 730 3029 -
749 2977 953 3067 Indignatur
974 2976 1079 3045 etiam
1098 2976 1226 3064 siquis
1245 2978 1335 3046 ami·

270 3142 393 3190 corum
408 3122 555 3190 recitare
581 3120 739 3189 dubitet:
763 3143 778 3186 <r
799 3119 990 3187 Hominem
1008 3123 1043 3187 te
1059 3119 1265 3208 patientem,
1279 3120 1337 3189 vel

270 3266 385 3356 potius
404 3263 545 3349 durum,
583 3285 624 3333 ac
660 3285 750 3353 pene
777 3263 971 3351 crudelem,
1005 3264 1066 3352 qui
1083 3267 1162 3332 tam
1181 3263 1337 3352 insignes

269 3407 377 3501 libros
395 3406 713 3505 tamdiuflteneasn
738 3406 781 3473 Et
800 3409 867 3495 qud
884 3405 999 3474 acrius
1021 3405 1175 3494 instiget,
1190 3403 1338 3473 admira-

270 3548 401 3617 tionem
420 3546 603 3615 hominum
626 3551 662 3615 et
688 3545 985 3614 immortalitatem
1012 3544 1162 3636 spondet
1187 3542 1247 3633 (II.
1261 3541 1334 3631 10).
1396 3601 1398 3607 .

270 3685 467 3755 Morantem
485 3684 723 3774 Tranquillum
742 3682 902 3774 obiurgat
933 3688 1088 3772 «patere
1108 3681 1233 3768 audiri,
1253 3680 1337 3751 des-

272 3827 371 3912 cribi,
389 3828 470 3919 legi,
493 3827 613 3897 venire
632 3826 809 3896 volumina
840 3824 1013 3915 Tanquilli
1036 3826 1108 3892 mei
1140 3823 1196 3913 (V.
1217 3820 1288 3912 tl).
1318 3845 1333 3888 ›

271 3969 488 4060 Interrogant
505 3969 647 4060 quidam
666 3968 840 4057 quomodo
860 3973 1001 4058 tempus
1021 3966 1279 4057 disponendum
1292 3967 1338 4034 sit

272 4123 307 4185 ot
323 4117 431 4207 stylus
444 4122 670 4187 exerceatur:
690 4115 811 4205 longas
831 4120 951 4183 noster
969 4113 1132 4182 rescribit
1155 4112 1335 4200 epistolaS,

272 4264 307 4328 et
318 4265 481 4351 tanquam
496 4255 736 4350 iurisconsulti
754 4255 797 4324 de
814 4256 906 4346 jure,
929 4255 976 4324 ita
994 4253 1039 4322 de
1059 4252 1181 4323 studiis
1192 4272 1337 4342 respon-
