3210 5220
324 2083 422 2143 QUAM
457 2081 651 2134 IlllllIODICUS
686 2081 827 2132 PLINIUS
864 2084 903 2132 IN
938 2082 1160 2134 STUDENDO.·

292 2495 381 2565 Illud
399 2495 541 2585 quidem
563 2496 814 2566 «humaniores
836 2498 989 2566 litterae»
1013 2498 1115 2566 nullis
1134 2498 1265 2568 melus

203 2651 308 2720 quam
325 2631 428 2700 Plinii
447 2630 570 2700 studiis
589 2633 769 2718 convenit;
801 2633 894 2722 apud
913 2653 1020 2722 quem
1046 2632 1170 2702 litterae
1188 2654 1261 2702 non

203 2768 300 2837 lusus
316 2767 458 2856 quidam
477 2774 537 2837 aut
554 2767 848 2839 oblectamentum
864 2771 981 2857 fuere,
1013 2772 1076 2840 sed
1093 2780 1260 2862 tanquam

202 2906 391 2974 honestatis
423 2906 620 2975 exercitatio
650 2927 657 2971 :
688 2929 702 2970 ι
734 2905 827 2996 quod
857 2907 1117 2995 religiosissime
1148 2914 1262 2976 custo·

205 3046 384 3133 diendum,
401 3047 525 3134 inquit,
555 3046 631 3136 ipsa
662 3045 777 3114 studia
805 3047 1011 3136 praecipiunt
1029 3046 1135 3135 (Vlll.
1156 3045 1192 3135 9)
1211 3067 1220 3133 3
1243 3070 1258 3113 »

202 3211 341 3260 necnon
361 3213 368 3258 :
393 3214 408 3257 u
428 3190 557 3259 faciunt
577 3189 691 3259 studia
710 3196 749 3259 ut
768 3191 914 3260 adversa
929 3191 1040 3281 magis
1057 3192 1264 3281 intelligam,

200 3343 385 3431 patientius
403 3343 524 3411 leram.
544 3342 567 3407 ‘a
602 3343 759 3412 Paratior
785 3344 890 3434 igitur
907 3346 1008 3414 venia
1031 3346 1062 3414 si
1077 3345 1263 3416 nimius-in
1325 3326 1329 3334 ’

200 3491 339 3579 optimis
356 3490 471 3577 fuerit,
499 3511 566 3559 nec
588 3496 795 3580 peccantem
816 3489 939 3579 aliquis
962 3492 1037 3560 sine
1064 3493 1264 3562 reverentii

201 3631 350 3719 quadam
369 3630 614 3718 reprehendat.

290 3860 375 3940 Quis
395 3866 513 3929 autem
529 3860 628 3927 locus
646 3858 704 3927 illa
722 3860 888 3929 studendi
910 3861 1134 3929 continuitate
1152 3860 1267 3928 Plinio

201 4000 361 4069 vacavit?
380 4000 504 4068 Studet
526 3999 671 4088 ubique,
695 4002 733 4067 in
757 4001 861 4086 lecto,
881 4003 918 4068 in
934 4001 1055 4088 rheda,
1082 4002 1119 4068 in
1138 4001 1268 4070 ambu-

150 4180 153 4185 -
200 4137 339 4225 lotione,
365 4139 403 4205 in
429 4139 598 4208 convivio.
626 4139 663 4206 Si
690 4138 734 4206 ad
766 4139 965 4208 venandum
982 4138 1265 4226 proticiscentem

203 4277 374 4364 sequaris,
397 4298 467 4348 non
487 4278 668 4368 panarium
686 4277 789 4346 modo
810 4283 845 4345 et
861 4277 1078 4368 lagunculam
1092 4277 1266 4346 ferentem
