3210 5220
711 655 887 732 ..434

270 842 440 930 concepit,
478 841 695 930 impleverim
720 846 768 935 (Ι.
791 845 917 934 tat.»
945 845 1043 914 idern
1072 847 1116 915 de
1148 848 1324 960 Corellio}

274 980 599 1052 «Adulescentulus
629 1005 738 1072 eram,
769 993 804 1054 et
832 986 905 1074 Jam
932 985 1019 1054 mihi
1049 971 1093 1056 ab
1119 986 1177 1057 illo
1202 992 1327 1078 honor,

270 1131 373 1214 atque
391 1127 495 1194 etiam
512 1126 646 1195 audebo
664 1127 792 1214 dicere,
807 1130 1012 1215 reverentia,
1026 1134 1066 1198 ut
1083 1132 1206 1220 aequali
1222 1112 1330 1205 habe-

269 1264 372 1334 hatur
389 1262 459 1355 (lV.
479 1261 566 1353 tl).
589 1288 603 1330 a
624 1266 839 1335 Enumerare
853 1266 1001 1356 longiis,
1014 1266 1120 1357 quim
1138 1270 1330 1342 multomm

269 1411 428 1479 laudibus
440 1411 572 1480 Plinius
589 1416 775 1501 provectus
792 1411 911 1498 luerit3
928 1411 1064 1503 longiis
1078 1412 1183 1482 etiam
1196 1415 1329 1487 reterre

268 1544 373 1632 quam
399 1544 508 1612 multa
535 1549 571 1612 et
601 1543 723 1612 lecerit
739 1544 924 1630 laudanda,
950 1551 985 1613 et
1009 1547 1084 1635 ipse
1102 1538 1326 1617 laudaverit:

266 1674 343 1744 haec
364 1677 445 1743 vent
468 1672 645 1742 notanda:
667 1673 725 1743 illa
742 1675 992 1744 adolescentuli
1010 1676 1154 1766 gloriola
1182 1680 1329 1748 maximi

267 1815 304 1882 in
325 1815 477 1883 futuram
496 1813 561 1881 viri
583 1813 728 1902 gloriam
750 1815 1023 1903 jactantiamque
1047 1818 1216 1885 momenti
1238 1818 1326 1906 luit3

268 1956 388 2026 laudes
406 1956 548 2045 quidem
564 1957 637 2045 jam
660 1976 760 2045 puer,
788 1957 871 2025 dein
898 1958 1049 2026 inomni
1070 1960 1146 2028 vitae
1171 1967 1329 2051 tempore

269 2095 397 2164 meruit
417 2094 487 2185 (res
504 2095 704 2184 laudanda);
724 2095 781 2163 hia
799 2099 916 2164 autem
935 2097 983 2164 ita
1000 2096 1191 2166 delectatus
1215 2105 1268 2168 est
1291 2104 1330 2168 ut

267 2236 305 2303 in
318 2235 607 2305 consuetudinem
618 2235 788 2320 venirent,
807 2254 888 2304 mox
900 2236 1006 2305 etiam
1016 2238 1053 2306 in
1067 2240 1327 2311 necessitatem:

269 2374 358 2442 adde
380 2373 472 2463 quod
489 2394 627 2443 summa
643 2374 793 2443 hominis
814 2374 995 2444 amoenitas
1012 2384 1159 2447 caeteros
1177 2379 1221 2447 ad
1236 2400 1331 2448 com·

268 2515 509 2605 probationem
527 2515 700 2586 faciliores
718 2516 906 2604 redderet3
925 2519 973 2588 ita
1002 2519 1134 2590 factum
1160 2527 1214 2590 est
1236 2528 1276 2592 ut
1292 2524 1331 2592 in

268 2660 336 2729 hoc
351 2659 437 2745 viro,
456 2659 632 2748 praeterita
645 2659 715 2748 jam
733 2658 979 2746 adolescentia,
1004 2664 1105 2749 quasi
1124 2662 1329 2734 adolescena

266 2803 361 2873 tulus
387 2802 529 2893 quidam
553 2804 694 2888 lateret3
724 2809 948 2891 permaneret
975 2803 1098 2873 eadem
1118 2807 1162 2876 ad
1176 2808 1330 2878 alienum

266 2947 436 3034 judicium
449 2947 624 3033 mollities,
639 2945 790 3035 denique
807 2946 1092 3035 circumspiceret
1108 2967 1251 3037 semper
1269 2949 1330 3040 qui

269 3099 439 3179 amarent,
459 3093 520 3183 qui
538 3091 730 3161 laudarent.

357 3288 477 3378 Ipsum
494 3294 612 3356 autem
630 3287 825 3357 litterarum
848 3287 1004 3356 studium
1031 3286 1184 3356 Plinium
1208 3288 1246 3355 in
1273 3288 1329 3355 ni-

268 3434 373 3502 miam
390 3430 446 3500 sui
465 3432 686 3520 jactationem
708 3432 886 3522 impellere
915 3431 1110 3521 potuisset3
1140 3429 1208 3498 illis
1232 3431 1330 3499 enim

267 3574 497 3665 temporibus,
513 3574 597 3662 quid
614 3573 708 3643 aliud
727 3580 781 3644 est
803 3573 958 3659 studere,
978 3573 1046 3641 nisi
1064 3571 1232 3657 scribere,
1257 3571 1330 3642 imo

269 3732 310 3780 ea
332 3710 499 3797 scribere,
524 3730 600 3798 quae
623 3709 813 3798 placeant‘l
832 3709 908 3776 Hoc
923 3727 1006 3775 vero
1032 3707 1115 3775 artis
1144 3706 1331 3795 cujuslibet

267 3849 449 3938 proprium
463 3866 541 3936 quae
558 3846 701 3935 plausus
719 3847 903 3916 hominum
932 3849 1107 3934 provocat,
1137 3849 1177 3913 ut
1195 3845 1330 3934 inquie-

269 3992 340 4054 tam
358 3982 481 4053 artifici
494 3983 625 4072 injiciat
637 3983 729 4051 circa
746 3983 927 4070 ingenium
943 3980 1211 4068 aemulationem,
1234 4000 1329 4049 sum·

267 4152 432 4221 mamque
459 4130 504 4199 de
527 4149 674 4218 operum
692 4129 830 4198 fortuna
848 4129 1074 4214 anxietatem,
1102 4125 1328 4195 immodicam

268 4273 417 4363 denique
432 4271 543 4344 laudis
562 4271 811 4361 appetentiam.
828 4270 936 4358 Finge
947 4319 949 4324 ,
960 4267 1023 4338 tibi
1040 4265 1136 4339 illam
1153 4267 1328 4338 studioso·
