3210 5220
754 651 909 717 ..7-

297 847 342 914 ad
371 847 607 934 plaudendum
637 847 794 916 adductis
824 849 883 937 (l).
925 849 976 916 Ita
1003 849 1131 917 scholae
1162 848 1363 917 adolescen-

223 1037 234 1052 ,
297 983 350 1043 tes
374 977 550 1044 dimittunt
587 979 623 1044 in
656 977 927 1046 venditationom
965 979 1097 1068 ingenii
1135 978 1360 1065 compositos

294 1118 486 1185 uecmulta
523 1117 625 1185 modb
661 1119 865 1205 scripturos,
901 1117 964 1186 sed
995 1118 1126 1206 putida.

284 1447 287 1451 .
381 1393 459 1460 Non
478 1397 596 1460 tamen
613 1393 856 1479 improbationi
883 1395 1017 1460 tantum
1037 1392 1151 1461 locus:
1174 1413 1284 1480 quum
1311 1400 1362 1461 tot

290 1531 357 1598 illis
393 1529 611 1618 temporibus
642 1529 837 1618 voluptates
867 1530 996 1618 saepius
1041 1549 1231 1618 perversae,
1264 1533 1359 1598 certe

290 1670 424 1753 inanes,
458 1670 623 1756 juvenem
661 1668 886 1736 sollicitarent
916 1674 951 1736 ot
984 1668 1244 1757 distringerent,
1281 1669 1358 1739 lau-

288 1809 424 1878 dandus
462 1810 519 1878 ille
571 1811 630 1898 qui
677 1816 814 1897 partem
862 1811 1030 1898 temporis
1082 1812 1119 1878 in
1169 1832 1259 1896 rem,
1320 1821 1359 1881 ut

286 1947 478 2031 videbatur,
518 1949 646 2016 seriam
685 1949 892 2036 seponebat:
933 1970 1048 2037 neque
1080 1955 1156 2018 tum
1198 1953 1357 2021 severitis

283 2088 513 2174 judicandum
550 2087 723 2175 quomodo
773 2085 851 2176 quis
892 2088 1084 2176 scripserit,
1118 2088 1203 2155 dum
1238 2087 1355 2177 vigila·
1425 2124 1428 2129 <

283 2227 371 2293 verit
404 2227 439 2294 in
462 2246 501 2293 re
532 2226 692 2310 honestat,
728 2231 763 2294 et
799 2226 884 2295 illud
922 2247 965 2294 ex
1000 2225 1119 2293 labore
1154 2225 1353 2312 praemium,

280 2363 375 2431 illam
401 2364 540 2433 laudem
567 2365 752 2453 receperit,
777 2364 1000 2433 laboravisse.
1036 2365 1126 2453 Ergo
1157 2362 1354 2431 litterarum

279 2503 434 2572 studium
460 2507 559 2593 quasi
588 2506 702 2574 forma
742 2506 902 2593 quaedam
930 2506 1146 2592 honestatis,
1181 2509 1216 2572 et
1253 2523 1351 2572 com-

279 2649 455 2717 mendatio
507 2649 599 2737 apud
653 2648 828 2716 meliores.
877 2645 980 2735 Apud
1030 2645 1240 2734 Spurinnam
1292 2653 1353 2714 aut

276 2789 402 2858 Silium
432 2790 605 2877 Italicum,
638 2812 683 2858 ne
714 2790 834 2879 plures
860 2789 1041 2855 nominem
1079 2788 1349 2856 litteratissimos

276 2939 572 3009 sencS,qt10rum
611 2923 664 2990 vel
693 2923 730 2990 in
756 2942 901 2990 recessu
926 2941 1053 3010 magna
1082 2919 1196 2988 adhuc
1227 2926 1347 2988 arrato-

274 3064 359 3131 ritas
392 3069 427 3132 et
463 3063 621 3152 perutilis
645 3031 809 3148 laudatio,
844 3033 985 3150 gratiosi
1011 3059 1154 3148 quidem
1187 3060 1237 3127 illi
1266 3060 1364 3149 (nec

273 3207 463 3295 immerito)
503 3208 563 3295 qui
599 3207 836 3275 sollicitatam·
856 3204 1090 3293 voluptatibus
1123 3206 1343 3292 juventutem

272 3342 386 3410 studio
419 3348 454 3410 et
476 3343 601 3411 litteris
633 3343 819 3429 dicabant,
858 3349 925 3430 quo
955 3343 1033 3431 quis
1069 3342 1270 3428 studiosior,
1302 3345 1344 3409 ed

271 3483 394 3581 melior
441 3482 648 3550 habebatur.
691 3482 768 3564 Quo
805 3484 922 3550 mimis
971 3483 1101 3550 mirum
1152 3482 1208 3568 sit,
1248 3482 1343 3569 quod

268 3621 402 3690 Plinius
428 3623 465 3691 in
489 3622 778 3691 commendandis
798 3624 993 3691 amicorum
1012 3622 1183 3706 moribuS,
1207 3619 1340 3688 litteras

266 3766 425 3832 nominet
472 3772 507 3833 et
553 3765 718 3832 orationis
776 3764 996 3853 elegantiam,
1035 3762 1211 3851 quodque,
1254 3761 1339 3830 dum

267 3903 413 3972 Calvisio
444 3904 572 3994 Nepoti
604 3909 824 3971 semestrem¹
842 3901 1069 3990 tribunatum,
1087 3900 1186 3989 petit,
1223 3901 1337 3968 virum

296 4261 340 4330 (tl
353 4261 470 4330 Persius,
488 4262 514 4317 3.
535 4262 579 4319 ld.
596 4262 660 4325 Qum
673 4269 749 4335 pater
769 4259 892 4317 adductis
901 4259 1001 4316 sudans
1018 4258 1123 4315 audiret
1145 4258 1247 4314 amicis.
