3210 5220
637 639 813 706 -35-

193 828 356 917 placeret,
378 827 529 916 placeret
553 835 672 899 tamen
691 837 725 898 et
747 830 896 913 caeteris,
920 829 1016 895 omni
1034 837 1149 898 amoto
1173 832 1257 898 stoi-

196 991 315 1039 corum
334 972 459 1060 rigore.
474 972 605 1041 Causas
619 973 798 1061 requirere
811 993 927 1062 operae
947 971 1102 1063 pretium
1120 976 1184 1039 est.

282 1203 371 1270 Ante
392 1203 508 1271 omnia
527 1203 709 1271 amoenitas
727 1202 785 1270 illa
806 1207 841 1270 et
864 1202 916 1269 rei
947 1199 1132 1289 cujuslibet
1160 1198 1256 1288 fuga,

196 1362 274 1429 quae
297 1342 426 1431 aliquid
443 1341 570 1412 haheat
591 1341 808 1426 offensionis3
836 1339 963 1425 mollis,
982 1344 1022 1407 ut
1039 1340 1114 1428 ipse
1134 1339 1194 1424 ait,
1222 1341 1259 1407 in

196 1464 357 1566 amicitia,
366 1483 473 1569 omni,
487 1481 542 1549 vel
554 1480 767 1563 infimorum,
779 1480 966 1549 calamitati
977 1478 1087 1547 libere
1101 1477 1173 1547 vult
1185 1479 1259 1547 illa·

197 1628 366 1711 crymare,
410 1643 476 1691 nec
522 1621 712 1710 quidquam
754 1641 796 1688 ex
844 1620 1058 1688 humanitate
1098 1619 1256 1687 delibari.

199 1762 377 1844 Quosdam
412 1785 454 1832 ea
487 1763 709 1851 potissimum
735 1768 876 1830 movent
912 1781 990 1849 quae
1020 1762 1056 1827 in
1090 1761 1157 1831 hac
1190 1764 1261 1831 vitri
1323 1750 1328 1758 ’

198 1904 308 1972 tristia
325 1903 506 1971 sordidare
526 1903 766 1991 reperiuntur:
787 1902 842 1970 his
862 1901 1004 1990 quidem
1029 1902 1206 1990 (quisnam
1224 1903 1261 1971 in

199 2044 265 2112 illis
291 2043 509 2133 temporibus
542 2042 731 2132 invideat‘l)
771 2043 893 2111 subest
927 2041 1077 2131 vulgaris
1108 2043 1261 2111 stultitiae

199 2183 395 2268 fastidium,
422 2183 536 2270 placet
559 2203 641 2252 cum
665 2183 804 2251 fortuna
829 2183 1007 2272 congredi,
1029 2188 1063 2250 et
1088 2184 1125 2250 in
1143 2180 1264 2254 arcem

201 2315 368 2409 effugere,
394 2316 488 2386 unde
513 2316 750 2405 despiciantur
779 2315 942 2384 humanae
974 2316 1107 2385 sordes.
1144 2317 1263 2406 Longe

201 2459 288 2527 alius
315 2458 469 2549 profecto
491 2458 604 2526 Plinio
630 2459 790 2525 animus:
816 2458 934 2526 innata
952 2457 1090 2547 ingenio
1116 2456 1262 2525 facilitas

201 2594 388 2682 quaedam,
427 2614 469 2661 ea
514 2613 591 2681 quae
632 2594 669 2661 in
704 2593 774 2660 vitri
800 2593 953 2680 jucunda
988 2612 1067 2660 esse
1102 2597 1260 2680 possunt,

200 2733 395 2823 praesertim
417 2730 532 2816 vidit,
553 2730 719 2798 libentihs
749 2731 894 2820 arripuit
915 2751 924 2814 3
961 2730 1109 2798 honesto
1142 2736 1263 2799 antem

203 2874 313 2942 dolori
342 2879 378 2941 et
405 2871 561 2956 indulsit,
591 2871 682 2940 etin
706 2870 766 2938 itta
797 2891 836 2938 se
860 2872 1001 2959 jactavit
1023 2871 1264 2961 indulgentia3

202 3016 372 3084 humanas
397 3014 547 3102 denique
571 3014 730 3082 miserias
760 3019 818 3081 aut
845 3012 978 3103 lugere,
1005 3018 1064 3080 aut
1097 3013 1268 3082 consolari

204 3154 337 3241 maluit,
373 3174 480 3244 quam
518 3173 666 3245 negare:
707 3151 857 3220 fortunae
892 3153 996 3239 porri)
1033 3161 1096 3220 cur
1134 3151 1268 3221 bellum

204 3293 399 3380 indixisset,
421 3313 528 3382 quam
546 3293 735 3361 facilliman
753 3295 917 3380 expertus
938 3290 1034 3359 erat‘l
1054 3291 1267 3362 Invidiosum

205 3439 375 3522 praeterea
397 3452 529 3502 nomen
554 3431 794 3522 philosophiae,
819 3431 849 3498 si
885 3430 1029 3500 Senecae
1060 3430 1266 3521 philosopho

206 3577 370 3645 creditur.
390 3575 516 3644 Aiebat
533 3574 692 3665 Agricola
710 3594 749 3642 se
767 3574 805 3641 in
823 3573 936 3662 pnma
951 3575 1095 3662 juventa
1112 3576 1268 3646 studium

206 3713 433 3801 philosophiae
452 3712 579 3799 acrius,
600 3710 810 3800 ultraquam
829 3732 1037 3782 concessum
1054 3712 1211 3781 Romano
1227 3733 1269 3780 ac

206 3855 371 3940 senatori,
384 3854 558 3940 hausisse,
572 3855 609 3922 ni
620 3853 805 3943 prudentia
821 3855 942 3922 matris
960 3855 1143 3924 incensum
1161 3861 1196 3924 et
1209 3855 1269 3924 fla-

206 3999 367 4083 grantem
395 3993 553 4064 animum
586 3995 816 4063 coercuisset:
849 4014 944 4079 mox,
976 3993 1089 4082 inquit
1115 3994 1266 4079 Tacitus,

208 4127 376 4218 mitigavit
412 4130 498 4199 ratio
541 4136 575 4198 et
609 4135 691 4197 retas
730 4127 860 4217 (Agric.
901 4127 950 4218 li).
998 4126 1201 4216 Nunquam,
1232 4134 1272 4197 ut

209 4269 357 4357 videtur,
394 4271 486 4359 apud
526 4269 688 4354 Plinium,
727 4267 882 4336 studium
922 4266 1009 4335 illud
1043 4267 1271 4357 mitigandum
