3210 5220
722 685 897 752 -au-
1136 690 1150 719 ¹

212 853 217 863 ’
281 895 470 960 meremus
496 880 537 944 ut
565 879 610 944 sit
638 877 763 966 aliqua,
787 897 859 946 non
880 877 957 945 dieo
986 878 1125 966 ingemo
1158 878 1208 969 (id
1246 882 1343 947 enim

281 1015 486 1106 superbum)
511 1016 575 1084 sed
599 1016 726 1104 studio,
746 1017 878 1106 labore,
900 1024 935 1086 et
960 1020 1155 1088 reverentia
1178 1025 1343 1108 postero-

280 1170 371 1218 rum.
386 1151 577 1240 Pergamus
590 1150 694 1221 modo
708 1151 831 1220 itinere
847 1153 1020 1222 iustituto:
1040 1154 1134 1243 quod
1154 1162 1194 1222 ut
1209 1175 1343 1244 paucos

279 1289 316 1359 in
331 1288 445 1356 lucem
471 1287 670 1378 famamque
701 1292 870 1378 provexit,
902 1291 950 1358 ita
979 1292 1108 1361 multos
1135 1293 1155 1360 e
1183 1292 1345 1361 tenebrIs

280 1433 314 1495 ot
325 1428 460 1496 silentio
471 1428 625 1516 protulit.
651 1429 724 1517 (IX.
745 1428 817 1517 aa).
847 1451 867 1494 »-

368 1621 506 1691 Scilicet
533 1625 570 1690 in
598 1624 761 1692 omnibus
790 1625 857 1693 uns
896 1626 940 1694 ad
976 1626 1134 1696 Tacitum
1169 1627 1339 1716 epistolis,

276 1770 395 1834 noster
409 1765 689 1836 modestissimus
708 1773 743 1835 et
761 1768 1099 1855 verecundissImus3
1125 1770 1182 1837 oui
1203 1770 1342 1838 utinam

276 1905 493 1993 irequentiirs
516 1907 736 1994 scripsisset3
763 1907 897 1974 utinam
919 1906 1133 1996 frequentior
1157 1927 1240 1976 oum
1263 1907 1342 1975 viro

277 2044 489 2113 consuetudo
507 2045 642 2131 suisset,
662 2049 761 2133 eujus
779 2049 939 2136 gravitas²
960 2048 1061 2116 Plinii
1073 2051 1182 2118 nostri
1194 2049 1342 2118 vanitati

275 2183 370 2269 utile,
385 2190 424 2251 ut
441 2185 588 2273 videtur,
603 2192 920 2276 temperamentum
934 2189 1115 2257 attulisset.

346 3417 516 3473 QUOMODO
536 3421 581 3468 ET
606 3422 704 3480 QUEM
727 3426 765 3474 IN
783 3388 895 3473 FINEM
919 3424 1061 3473 PLINIUS
1086 3425 1275 3475 EPISTOLIS·

665 3531 754 3581 USUS
780 3533 923 3581 FUERIT.

353 3911 476 3981 Plures
494 3914 560 3981 illis
584 3919 799 4005 temporibus
820 3927 964 4010 apparet
983 3923 1148 4011 epistolas
1161 3925 1208 3991 ita
1228 3944 1335 3992 oom-x

265 4049 423 4133 posuisse
445 4058 496 4140 ut,
519 4056 675 4142 quamvis
698 4058 802 4125 unius
826 4061 929 4128 amici
947 4082 1076 4130 nomen
1105 4062 1330 4151 preferrent,

266 4190 429 4260 omnibus
441 4196 556 4284 reipsa
570 4197 806 4267 scriberentur
818 4205 852 4268 et
869 4201 1056 4270 editionem
1070 4203 1323 4292 prospicerent.

264 4329 372 4400 Vetus
392 4336 604 4427 exemplum,
618 4361 727 4428 quum
745 4346 795 4410 tot
814 4347 958 4412 seruatae
981 4342 1130 4412 fuissent
1144 4342 1329 4412 Ciceronis-
