3210 5220
715 620 893 688 ..14-

272 825 342 872 non
371 804 459 872 ultra
483 805 555 873 lere
575 812 779 894 praetextam
799 809 933 877 duravit
946 811 1070 897 (annos
1090 811 1184 878 enim
1206 811 1338 881 duode-

270 950 389 1037 viginti
406 955 522 1017 noster
540 958 641 1019 natus
653 958 738 1035 erat,
752 973 861 1042 quum
881 954 1013 1022 Plinius
1032 951 1195 1040 decessit)
1208 973 1330 1042 neque

273 1093 308 1160 in
346 1097 457 1161 totum
489 1092 746 1163 adolescentem
777 1095 975 1164 deseendit:
1017 1114 1081 1182 par
1112 1095 1206 1162 enim
1243 1097 1340 1184 apud

272 1238 459 1320 utrumque
482 1231 649 1318 studium,
683 1233 864 1302 dissimilis
891 1233 997 1302 studii
1025 1232 1201 1321 materies,
1232 1232 1338 1302 dissi÷

272 1370 457 1439 millimum
483 1373 674 1460 ingenium.
705 1372 890 1460 improbus
915 1371 1077 1441 avunculi
1100 1373 1192 1439 eirea
1217 1391 1339 1441 rerum

274 1520 433 1583 naturam
456 1513 577 1599 lab0r3
600 1514 703 1583 ardor
726 1516 902 1602 inquietus
921 1536 1008 1583 nova
1028 1534 1171 1602 semper
1188 1533 1337 1603 eognos-

273 1654 393 1739 cendi;
424 1654 647 1742 quiquidem
678 1655 810 1722 nullum
844 1656 976 1724 malum
1011 1654 1141 1724 librum
1170 1655 1335 1741 duceret,

274 1796 366 1864 unde
379 1796 638 1884 excerpendum
653 1795 794 1884 aliquid,
810 1795 903 1884 quod
916 1799 952 1863 in
965 1799 1138 1865 immensa
1145 1795 1335 1881 volumina,

274 1946 438 2028 tanquam
458 1940 494 2005 in
519 1940 737 2023 thesaurum,
767 1938 883 2006 studio
908 1939 1039 2026 majore
1067 1938 1171 2027 qudm
1192 1936 1335 2024 JudieiO,

275 2088 489 2170 congereret.
519 2081 647 2149 Noster
671 2086 792 2149 contra
809 2101 850 2149 ea
870 2082 1090 2170 potissimum
1117 2081 1233 2169 legere
1258 2097 1337 2168 qum

275 2224 318 2292 ud
336 2221 561 2292 scribendum
579 2218 804 2310 proficerent3
823 2222 1002 2311 ingenium
1025 2221 1190 2291 libentius
1212 2240 1336 2288 ornare

276 2385 380 2453 turam
396 2366 534 2435 munire
557 2365 732 2451 doctrinat3
757 2330 865 2435 multo
896 2365 1001 2433 etiam
1028 2363 1156 2452 saepius
1182 2352 1361 2430 scrihere

276 2509 381 2595 qudm
400 2506 530 2596 legere,
547 2513 582 2575 et
599 2527 640 2576 ea
659 2507 811 2576 scribere
830 2526 908 2595 quae
919 2507 1097 2595 placerent
1106 2505 1216 2593 magis
1231 2521 1337 2592 quam

276 2649 453 2717 docerent.
470 2648 619 2717 Suberat
631 2655 749 2717 autem
761 2649 990 2718 adolescentis
1013 2648 1151 2737 ingenio
1172 2647 1335 2714 festivitas

274 2790 448 2879 quaedam,
488 2810 593 2878 quam
623 2812 694 2859 non
718 2791 880 2860 delibavit
897 2792 955 2859 illa
979 2811 1056 2879 quae
1080 2809 1202 2859 omnes
1232 2809 1337 2857 avun-

275 2934 345 3002 culi
362 2933 470 3001 libros
497 2934 596 3020 quasi
620 2935 799 3002 contristat
826 2932 1047 3002 amaritudo:
1086 2932 1143 3001 ille
1175 2934 1268 3001 enim
1298 2937 1337 2999 ut

275 3092 460 3141 novercam
478 3077 637 3139 naturam
656 3072 829 3161 increpat!
850 3076 888 3140 ut
908 3070 981 3138 Diis
999 3069 1120 3139 irridet
1136 3090 1223 3159 quos
1237 3070 1335 3138 linxit

275 3211 429 3281 humana
447 3216 633 3286 socordia!
657 3216 746 3306 (Vll.
787 3213 822 3304 l)
857 3221 896 3283 ut
925 3216 1069 3284 miseret
1093 3222 1196 3304 atque
1227 3213 1337 3303 pudet

275 3358 506 3426 ‹estimantem
540 3360 645 3446 quam
665 3360 709 3427 sit
728 3359 848 3428 frivola
872 3361 1023 3428 hominis
1043 3359 1223 3448 superbia!
1251 3355 1337 3426 illud

276 3495 380 3562 etiam
406 3495 551 3562 ultorem
576 3496 681 3563 vitam
700 3496 864 3581 sperandi
890 3497 1051 3566 solatium
1080 3497 1232 3581 damnat,
1254 3496 1335 3563 illu-

276 3639 395 3727 ‹litque
413 3638 643 3707 reviviscendi
659 3641 868 3728 promissam
888 3641 1090 3728 vanitatem,
1117 3661 1194 3730 quar
1214 3640 1337 3730 perdat

274 3781 428 3868 profecto
447 3781 663 3870 praecipuum
678 3786 811 3849 naturae
824 3782 969 3867 honum,
983 3787 1133 3850 mortem
1156 3782 1197 3871 (V
1200 3782 1246 3867 ΙΙ,
1261 3780 1332 3869 55).

275 3918 326 3986 De
345 3919 399 3986 his
431 3919 514 4008 quid
543 3920 676 3988 Plinius
702 3925 821 3988 noster
842 3922 991 3988 senserit
1022 3920 1105 3989 elids
1127 3921 1332 3990 disseretur:

275 4058 364 4126 hanc
383 4065 501 4128 autem
518 4061 691 4129 tristitiam
718 4061 838 4151 effugit
854 4061 964 4132 laetior
983 4062 1212 4131 adolescentis
1239 4060 1336 4129 indo-

274 4198 338 4287 leo,
380 4221 590 4290 omnemque
629 4203 666 4270 in
704 4202 941 4271 umoenitatem
977 4203 1024 4273 ita
1058 4201 1272 4292 composita,
1298 4207 1337 4268 ut
