3210 5220
720 682 895 752 ..42-

266 874 328 960 qui
355 875 537 962 patientius
564 875 674 961 ierat,
706 875 869 946 libentius
904 876 1145 964 amplectatur,
1179 875 1328 945 effusius

268 1015 397 1085 laudet.
421 1018 566 1086 Titinius
595 1017 715 1107 Capito
745 1019 806 1106 qui
838 1017 931 1107 apud
951 1019 1185 1087 Domitianum
1207 1020 1328 1108 Traja-

269 1180 424 1249 numque
452 1162 543 1229 inter
569 1160 859 1229 familiarissimos
886 1161 981 1245 vixit,
1009 1161 1178 1251 imagines
1206 1163 1329 1231 Bruto·

269 1319 361 1387 rum,
392 1302 604 1388 Cassiorum,
641 1301 811 1371 Catonum
841 1301 938 1369 domi
967 1301 1118 1370 habebat
1148 1303 1220 1393 (IV.
1255 1304 1326 1395 28).

271 1441 372 1522 Quod
390 1444 513 1511 salsius
532 1463 611 1511 esse
626 1443 734 1532 possit
744 1442 787 1510 de
807 1441 954 1531 publicis
971 1442 1128 1512 moribus
1141 1443 1330 1513 documen·

267 1583 375 1650 tum‘?
404 1584 560 1652 Honesta
578 1604 681 1673 porro
694 1582 787 1671 apud
804 1584 979 1673 principes
992 1588 1151 1652 veterum
1167 1605 1330 1675 compro-

268 1726 373 1810 butio,
391 1726 493 1794 modo
512 1746 556 1795 ue
575 1726 619 1795 ad
632 1726 845 1796 desiderium
858 1732 893 1794 et
908 1727 1133 1816 praesentium
1147 1727 1330 1816 impatien-

267 1866 351 1945 tium
378 1866 564 1956 procedat:
591 1867 728 1956 placent
751 1865 812 1952 illi,
826 1866 897 1955 qui,
919 1865 1004 1933 dum
1024 1866 1184 1954 antiquos
1203 1887 1330 1939 mores.

268 2004 437 2072 extollunt
449 2011 484 2072 et
500 2005 689 2095 imitantur,
703 2002 875 2073 redditam
889 2003 1036 2073 credunt
1049 2023 1070 2072 a
1085 2003 1219 2073 Caesare
1235 2007 1328 2075 anti-

268 2149 447 2234 quitatem.
476 2148 562 2231 Quis
584 2155 703 2219 autem
720 2149 759 2219 in
775 2148 870 2218 huuc
892 2168 1049 2217 errorem
1071 2147 1203 2217 facilior
1220 2149 1327 2239 quiam

268 2285 430 2355 Plinius‘i
458 2286 586 2368 Quisve
606 2287 750 2356 effusius
774 2287 917 2356 meritas
936 2286 1083 2375 Traiano
1109 2290 1225 2374 grates
1242 2287 1327 2356 red-

268 2425 383 2493 didita
404 2425 489 2506 Quis
507 2426 544 2494 in
563 2426 724 2518 gerendis
739 2425 998 2515 magistratibus
1027 2424 1170 2493 docilior
1188 2425 1252 2494 fuit
1269 2437 1329 2495 aut

268 2560 447 2631 timidior‘.l
466 2563 552 2644 Quis
568 2565 705 2650 melids,
726 2564 819 2633 salvi
838 2563 980 2654 quidem
998 2561 1177 2652 dignitate,
1199 2564 1329 2630 meruit

268 2710 307 2771 ut
318 2704 444 2775 Caesari
458 2711 492 2774 et
510 2707 653 2775 Caesaris
677 2707 799 2775 amicis
819 2713 913 2775 esset
930 2705 1193 2774 amicissimus?

355 2910 408 2978 Ne
420 2915 500 2980 vero
512 2912 728 3001 propositum
741 2915 899 2978 nostrum
912 2909 1125 2995 omittamus²
1150 2932 1165 2973 r
1183 2908 1324 2997 qualem

268 3050 399 3120 scilicet
424 3052 516 3140 apud
538 3053 645 3121 aetatis
676 3073 747 3120 suae
778 3051 951 3120 studiosos
976 3070 1164 3137 personam
1192 3050 1329 3118 Plinius

268 3196 377 3282 egerit
390 3218 420 3280 a,
437 3197 682 3283 medimnum,
696 3195 895 3280 dividetur,
912 3193 1106 3284 intelligere
1125 3214 1326 3283 possumne,

268 3332 442 3420 quomodo
459 3337 578 3399 noster
593 3333 641 3401 ita
653 3332 865 3420 compositus
884 3330 988 3399 luerit
1013 3335 1053 3397 ut
1076 3329 1237 3417 plurimis
1256 3331 1330 3420 pla-

268 3473 374 3536 ceret.
389 3468 601 3537 Communes
617 3469 682 3538 illae
695 3474 730 3538 et
741 3470 840 3558 quasi
852 3467 974 3537 mediae
993 3469 1172 3558 opiniones
1198 3467 1328 3537 effece-

267 3616 399 3680 runtut
413 3611 728 3679 diversissimorum
746 3611 931 3679 hominum
951 3611 1119 3678 amicitias
1133 3630 1271 3677 merere
1293 3617 1329 3678 et

269 3755 451 3822 conciliare
475 3760 613 3842 posset:
634 3754 720 3823 nihil
736 3756 773 3822 in
790 3754 905 3823 indole
936 3755 1005 3822 nisi
1032 3774 1223 3838 amoenum,
1242 3753 1329 3822 nihil

266 3893 304 3959 in
316 3892 454 3981 ingenio
469 3890 655 3982 abruptum
667 3891 761 3980 quod
775 3890 962 3959 adeuntem
973 3891 1183 3974 offenderet3
1204 3887 1327 3975 obvius

267 4030 372 4098 homo
392 4035 426 4099 et
444 4031 542 4120 quusi
559 4037 700 4120 paratus
719 4028 894 4098 omnibus,
921 4028 1050 4110 Quidni
1067 4049 1149 4096 eum
1169 4047 1330 4116 compro-

266 4174 350 4242 bent
369 4173 541 4261 sapientes
557 4173 617 4260 qui
641 4170 859 4239 sanctissime
877 4170 979 4256 vivut,
1008 4169 1233 4258 philosophos
1253 4167 1331 4236 lau-

265 4317 348 4402 det,
382 4334 489 4384 unum
514 4313 618 4383 otium
650 4333 770 4382 eorum
794 4309 948 4400 periculo
973 4331 1036 4378 suo
1064 4310 1169 4378 tuitus
1193 4309 1326 4378 lucrit‘l
