3210 5220
781 630 957 699 ..24-

336 814 558 905 predicando
586 816 774 885 domestica
798 816 972 903 felicitate,
1007 817 1133 885 modus
1161 817 1298 886 defuit‘l
1322 818 1403 889 Hoc

337 961 418 1025 vero
436 957 539 1026 Plinii
558 959 749 1046 proprium,
771 965 820 1042 ut,
842 978 951 1046 quum
963 958 1011 1026 de
1025 979 1064 1026 se
1076 959 1218 1047 suisque
1232 958 1401 1048 loquitur,

338 1099 483 1167 modum
499 1105 662 1184 transeat,
685 1106 824 1168 maneat
853 1105 971 1168 tamen
1003 1105 1100 1167 extra
1117 1099 1282 1168 invidiam
1304 1101 1403 1190 inge-

338 1243 465 1327 nuitas,
485 1247 521 1309 et
532 1261 661 1329 anceps
680 1241 878 1329 aliquandiu
894 1243 1063 1329 judicium
1089 1244 1126 1310 in
1149 1242 1402 1332 indulgentiam

344 1387 497 1456 inclinet.

428 1672 632 1740 doctissima
645 1692 725 1739 curn
743 1672 946 1760 propinquis
967 1673 1116 1740 caritatis
1134 1673 1282 1741 vincula.
1307 1671 1403 1754 Quid

337 1811 461 1878 enirn‘?
493 1811 684 1900 Empturus
702 1810 844 1899 praedia,
866 1811 1053 1898 pecuniam
1084 1831 1105 1879 a
1128 1831 1231 1881 socru
1254 1813 1402 1902 accipiet

338 1974 353 2016 u
373 1951 471 2041 cujus
483 1954 566 2063 arod
578 1949 649 2020 non
669 1971 772 2020 secus
793 1971 833 2018 ac
852 1952 916 2019 sud
933 1952 1082 2020 utitur.)
1107 1951 1185 2053 (III.
1200 1949 1269 2040 l9).
1289 1951 1400 2020 Faba-

335 2097 412 2160 tum
429 2111 659 2181 prosocerum
673 2091 888 2158 desideratus
900 2091 1017 2158 invisit
1034 2111 1041 2156 :
1062 2088 1274 2181 «Contingat
1291 2091 1397 2160 modo

338 2235 374 2298 te
394 2231 570 2320 filiamque
587 2237 683 2298 tuam
701 2230 807 2297 fortes
821 2229 994 2315 invenire;
1015 2249 1097 2297 narn
1113 2228 1242 2298 hilares
1265 2235 1402 2299 certum

342 2377 409 2458 est,
429 2373 459 2438 si
476 2369 744 2439 nosincolumes
762 2371 1003 2459 receperitis.»
1019 2369 1090 2458 (IV.
1105 2368 1156 2460 l.)
1170 2370 1306 2453 Quanta
1321 2375 1406 2440 vero

342 2512 379 2579 in
395 2531 514 2579 servos
534 2510 744 2598 libertosque
760 2529 830 2577 non
848 2509 1063 2599 indulgentia
1075 2508 1189 2596 modo,
1210 2509 1273 2578 sed
1291 2510 1404 2579 molli·

339 2649 405 2716 ties
437 2648 565 2716 animi!
587 2647 640 2715 Illi
660 2668 801 2737 semper
830 2648 867 2715 in
890 2647 1004 2715 animo
1032 2647 1259 2716 Homericum
1286 2646 1397 2716 illud:

670 2820 750 2890 πατὴρ
786 2820 807 2870 δ’
846 2823 879 2879 ὣς
914 2820 985 2886 ἤπιος
1022 2809 1063 2885 ἦεν

334 2978 510 3045 Zozimum
533 2980 677 3064 propter
694 2973 871 3042 infirmam
892 2974 1127 3042 valetudinem
1151 2976 1188 3042 in
1206 2976 1394 3065 AEgyptum

335 3116 496 3198 missum,
514 3114 726 3202 Forojulium
746 3113 871 3181 deinde
893 3113 930 3179 in
953 3112 1100 3181 Paullini
1119 3114 1249 3202 praedia
1278 3116 1399 3202 mittit,

336 3253 398 3321 uhi
415 3251 564 3319 salubris
582 3271 643 3319 aer
661 3258 696 3320 et
714 3253 768 3320 lac
789 3251 989 3340 hujusmodi
1004 3252 1239 3322 curationibus
1259 3275 1397 3323 accom-

336 3393 615 3461 modatissimum
628 3393 683 3482 (V.
695 3392 767 3481 lo).
782 3393 832 3461 De
844 3395 974 3461 lectore
987 3392 1153 3482 Encolpio
1167 3395 1400 3467 vehementer

336 3538 521 3620 sollicitus3
545 3535 644 3603 used
669 3536 725 3603 Dii
753 3537 897 3605 meliora
927 3537 1133 3624 promittunt
1152 3535 1259 3627 (VIII.
1281 3534 1355 3625 15).
1382 3562 1397 3602 »

336 3675 439 3743 Illum
449 3674 667 3743 infirmitates
686 3695 866 3742 servorum
885 3679 920 3743 et
932 3679 1062 3741 mortes
1082 3672 1290 3760 conficiunt3
1309 3696 1326 3741 <r
1343 3695 1400 3742 so-

336 3820 513 3905 latiaduo‚
532 3818 754 3909 nequaquam
767 3818 864 3906 paria
887 3824 985 3886 tanto
1003 3817 1135 3886 dolori:
1157 3837 1268 3886 unuin
1291 3818 1401 3885 lacili-

337 3971 389 4031 tus
427 3961 716 4045 manumittendi,
756 3959 904 4027 alterum
950 3960 1042 4047 quod
1084 3960 1247 4049 permitto
1291 3961 1402 4027 servis

338 4125 475 4194 quoque
506 4103 605 4192 quasi
632 4105 839 4170 testamenta
870 4099 997 4186 lacere,
1033 4120 1144 4188 eaque
1175 4106 1215 4169 ut
1245 4101 1400 4189 legitima

339 4227 714 4330 custodio.(VllI.16.)
736 4262 749 4302 a
780 4235 870 4317 Quid
892 4239 972 4303 vero
995 4235 1249 4323 indulgentiam
1267 4237 1401 4304 certids
