3210 5220
671 661 846 728 „eq-

231 853 294 938 lta,
315 874 383 942 quo
402 859 560 942 temporo
580 861 629 925 tot
648 857 738 924 circa
757 876 838 925 eum
856 858 959 944 jactis
977 855 1180 930 fulminibus
1192 862 1291 950 quasi

229 991 424 1077 ambustus,
443 993 510 1062 sibi
527 1014 667 1081 quoque
686 993 890 1082 impendere
904 993 999 1063 idem
1017 998 1163 1066 exitium
1184 999 1292 1077 certis

228 1133 436 1221 quibusdam
448 1136 538 1203 notis
551 1136 800 1226 augurabatur,
821 1138 955 1225 integra
973 1138 1009 1205 iu
1021 1140 1169 1207 miseros
1187 1139 1290 1224 fides,

227 1271 487 1341 Artemidorum
505 1275 610 1342 etiam
624 1274 883 1363 philosophum,
905 1275 949 1343 ab
969 1275 1057 1344 urhe
1085 1276 1289 1345 submotum

226 1417 353 1499 praetor
381 1412 568 1497 invisebat;
606 1411 691 1481 illud
727 1416 807 1480 vero
848 1413 1064 1482 notandum:
1105 1416 1215 1485 multa
1251 1417 1289 1484 iu

224 1553 328 1621 Plinii
358 1553 448 1623 dono
470 1555 647 1646 prodigia:
687 1556 902 1626 dormientes
941 1579 1071 1648 pueros
1110 1565 1289 1630 exterrent

223 1707 402 1770 nocturnae
433 1704 586 1790 species;
619 1703 721 1770 anxia
754 1702 884 1771 familia
907 1709 941 1772 et
962 1703 1007 1771 ad
1043 1703 1286 1774 eredulitatem

221 1843 435 1930 promptior;
455 1840 618 1910 credulus
643 1842 718 1931 ipse
749 1839 924 1925 dominus,
948 1860 1086 1910 necnon
1116 1841 1284 1912 sollicitus

222 1981 311 2070 (VII.
333 1979 405 2068 27).
427 1981 538 2048 Aliter
560 1979 702 2070 quidem
719 1979 908 2065 Thraseas3
935 1980 1014 2068 quis
1039 1983 1120 2049 vero
1149 1982 1283 2052 homini

219 2119 371 2186 invideat
381 2118 475 2208 quod
487 2137 557 2187 non
572 2118 738 2186 Thraseae
753 2117 899 2185 similior
917 2116 1101 2187 videatur‘l
1119 2123 1179 2189 aut
1194 2119 1286 2191 solli·

219 2256 409 2324 citudinem
448 2255 694 2346 reprehendat,
733 2275 812 2344 quoe
848 2256 1058 2345 praestandae
1090 2256 1172 2328 fidei
1211 2280 1282 2331 uon

218 2395 389 2465 obfuerit?

302 2615 525 2703 Praecipuum
544 2617 628 2682 vero
644 2615 723 2682 vitae
742 2614 1050 2683 honestamentum
1074 2614 1208 2685 Plinius
1234 2636 1278 2685 ex

214 2757 427 2846 antiquitatis
443 2730 634 2824 imitatione
656 2755 835 2844 quaesivit:
856 2774 971 2843 neque
991 2755 1061 2824 ulla
1082 2776 1139 2825 res
1165 2758 1277 2826 mani-

212 2880 334 2968 festius
363 2898 474 2966 fessas
502 2897 774 2985 desperatusque
805 2916 863 2963 res
895 2896 1072 2964 Romanas
1109 2900 1277 2988 arguerit,

214 3044 320 3133 quam
336 3042 395 3110 illa
420 3040 463 3109 ad
488 3042 662 3130 praeterita
676 3039 885 3128 respiciendi
905 3038 1105 3126 pertinacia,
1127 3047 1162 3111 et
1177 3047 1276 3131 opta-

212 3181 389 3249 tissimum
402 3178 493 3266 apud
506 3177 808 3263 melioresvotum,
822 3177 908 3244 utin
919 3178 1105 3265 praesentia
1117 3184 1274 3248 veterem

213 3320 431 3418 disciplinam
450 3320 629 3388 reducant.
656 3318 697 3386 In
717 3320 811 3387 tanta
834 3325 950 3387 autem
971 3318 1190 3408 publicorum
1200 3321 1276 3424 pri·

211 3467 439 3550 votorumque
471 3480 609 3528 morum
639 3459 875 3547 perversione,
907 3456 1024 3528 nullus
1058 3460 1102 3527 ad
1131 3460 1274 3532 beatum

212 3622 367 3670 errorem
408 3601 540 3669 facilior
574 3601 680 3690 quam
721 3600 865 3669 Plinius.
909 3600 999 3668 Hinc
1040 3599 1276 3680 Quintilianus

210 3727 387 3819 magister,
403 3728 500 3796 illino
517 3707 729 3816 optimorum
751 3726 912 3794 amicitiae
931 3726 1025 3794 adid
1043 3728 1269 3817 impulerunt,

210 3873 249 3935 ut
266 3868 415 3956 antiquis
434 3867 536 3935 vellet
554 3865 676 3934 similis
696 3886 791 3951 esse3
813 3886 918 3935 causa
953 3865 1017 3935 luit
1045 3867 1178 3935 vanitas
1209 3887 1272 3936 cur

70 4056 80 4065 .
210 4002 333 4070 similis
352 4023 430 4071 esse
451 4000 620 4071 crederet.
647 4002 945 4090 Frequentissima
970 4001 1134 4070 laudandi
1159 4004 1271 4072 forma

209 4139 350 4225 amicos,
372 4145 431 4207 aut
464 4139 623 4228 antiquos
647 4139 741 4224 dicit,
763 4145 823 4207 aut
848 4139 998 4228 antiquis
1023 4139 1175 4224 similcs;
1200 4140 1274 4207 vic·

209 4279 312 4348 terias
348 4280 493 4368 Trajano
531 4285 570 4349 ut
605 4278 860 4367 antiquissimas
896 4279 1103 4367 gratulatum
1141 4275 1272 4367 gaudet
