3210 5220
716 689 891 755 ,13-

272 864 453 932 Summam
472 860 553 927 inde
572 860 608 927 in
628 858 831 927 Ciceronem
848 863 1053 944 veteresque
1073 855 1205 923 Plinius
1222 853 1345 919 admi-

271 1002 442 1070 rationem
461 999 633 1086 concepit,
648 1005 682 1067 et
698 998 851 1066 studium
871 995 1057 1065 aemulandi
1073 1016 1081 1078 3
1096 1000 1130 1061 ot
1144 998 1256 1060 ortum
1278 1000 1337 1060 est

272 1141 315 1209 ab
343 1146 489 1227 utroque
519 1137 773 1226 optatissimum
804 1137 895 1225 apud
914 1135 1170 1223 adolescentem
1194 1139 1337 1216 votum,

271 1278 518 1365 honestusque,
540 1275 695 1364 (laborne
714 1275 826 1344 dicam
845 1295 889 1342 an
907 1272 1041 1360 error‘l)
1060 1273 1130 1339 vitat
1152 1271 1335 1358 antiquos,

270 1418 421 1486 Tullium
434 1417 786 1505 eloquentierelerre.
809 1414 890 1482 Non
907 1419 1021 1503 potest
1032 1410 1232 1479 mehercule
1251 1410 1342 1478 lieri-

270 1557 354 1644 quin
373 1555 482 1624 multa
493 1555 594 1624 nobis
606 1553 843 1622 nescientibus
857 1553 962 1620 etiarn
975 1558 1035 1620 aut
1052 1551 1165 1618 invitis
1177 1548 1332 1636 aequales

270 1700 429 1784 allinant3
449 1718 564 1787 neque
589 1699 740 1767 Plinium
756 1697 982 1785 temporisne
996 1694 1201 1762 dissimilem
1218 1692 1332 1761 luisse

198 1848 200 1851 ’
269 1839 479 1907 contendere
516 1839 633 1907 velim.
675 1838 779 1906 Plura
820 1843 939 1905 tamen
979 1841 1150 1903 testantur
1185 1855 1255 1903 non
1291 1837 1331 1903 in

267 1977 407 2045 irritum·
431 1975 597 2044 cecidisse
620 1975 776 2064 magistri
792 1978 987 2062 praecepta,¹
1004 1978 1216 2061 amputatam
1232 1974 1333 2042 enim

270 2124 304 2184 et
334 2118 524 2186 abscissam
569 2118 761 2185 orationem
791 2115 901 2209 Plinio
932 2116 1061 2183 scimus
1097 2114 1328 2203 displicuisse,

272 2253 314 2341 (Ι.
342 2253 399 2341 20)
422 2254 528 2322 latam
555 2259 686 2339 contra,
715 2259 750 2320 et
766 2252 985 2340 magnificam
1005 2258 1043 2320 et
1058 2252 1231 2320 excelsam
1249 2273 1331 2341 pro-

269 2395 348 2462 bat:
375 2402 410 2462 et
432 2397 469 2463 in
493 2395 718 2484 Panegyrim,
749 2395 906 2482 quamvis
937 2395 1089 2462 severior
1110 2396 1331 2466 desideretur

270 2535 485 2624 simplicitas,
519 2535 646 2622 aliquid
674 2540 793 2601 tamen
821 2534 1055 2602 Ciceronianae
1075 2533 1350 2621 amplitudiniS,

270 2682 304 2743 ot
315 2675 457 2764 largius,
479 2675 571 2743 utin
590 2694 631 2741 eo
650 2680 821 2763 tempore,
842 2672 975 2762 periodi
993 2672 1216 2741 curriculum.
1236 2673 1328 2742 lllud

269 2835 417 2923 denique
436 2835 474 2901 in
487 2832 688 2927 Quintiliani
700 2830 839 2898 laudern
853 2829 1056 2915 notandum,
1075 2829 1168 2917 quod
1187 2830 1323 2900 Plinius

268 2993 408 3061 semper
443 2990 609 3059 magnum
638 2971 674 3036 in
705 2967 928 3036 scholasticos
963 2987 1120 3034 amorem
1156 2967 1322 3054 retinuit,

267 3107 392 3175 horum
405 3108 499 3175 enim
511 3107 548 3172 in
560 3103 786 3173 contubernio
799 3123 876 3170 sese
897 3101 1093 3188 oblectavit,
1118 3102 1158 3190 (Ι.
1179 3102 1236 3190 24)
1256 3123 1326 3191 quo

268 3236 409 3324 quidem
423 3227 550 3324 genere
565 3233 975 3304 hominumnullumesse
990 3234 1171 3318 sincerius
1190 3231 1336 3303 nullum

267 3375 392 3444 melius
416 3374 582 3458 affirmat,
620 3374 746 3462 quibus
784 3375 918 3458 etiam,
959 3394 1067 3461 quum
1094 3375 1325 3442 amicissimus

269 3520 374 3597 esset,
397 3520 431 3581 et
450 3512 665 3601 aliquatenus
683 3512 805 3580 similis
826 3512 900 3580 fnit.

356 3668 418 3734 His
438 3668 638 3754 instructus,
671 3668 804 3736 Plinius
829 3669 907 3735 vitae
940 3670 1136 3738 tirocinium
1156 3674 1322 3762 suscepit,

266 3805 532 3894 studiosumque
552 3806 808 3875 adolescentem
820 3828 960 3896 praecor
980 3810 1152 3898 facundia,
1171 3812 1326 3882 illustres

267 3948 439 4032 amicitiae,
452 3947 660 4015 verecundia
672 3948 708 4013 in
721 3948 869 4036 optimos
883 3969 986 4017 senes
1000 3952 1065 4018 cito
1084 3953 1300 4040 protulerunt
1312 3941 1329 4040 ·,'

266 4087 393 4175 quippe
415 4088 475 4174 qui
501 4087 746 4154 honestissimo
779 4086 929 4156 ambillis
955 4092 1074 4178 generi
1102 4092 1321 4179 inniteretur,

265 4227 490 4296 honestorum
550 4226 682 4296 scilicet
754 4229 1091 4298 commendationem
1154 4234 1321 4302 merendo

266 4371 443 4461 alle-ctare3
474 4374 765 4463 Jucundissimum
794 4375 973 4445 hominem
1000 4376 1137 4445 fortuna
1166 4378 1265 4467 quasi
1282 4378 1329 4445 li:-
