3210 5220
723 671 921 740 -108-

328 866 381 934 Ne
404 869 486 934 vert
506 866 627 933 ultima
656 865 699 933 de
728 867 973 939 honestissimo
997 873 1070 939 viro
1102 872 1209 941 verba
1240 895 1348 944 seve-

283 1008 374 1076 riom
400 1009 488 1076 sint:
516 1009 669 1097 optimus
686 1009 744 1077 ille
762 1011 800 1077 in
818 1031 914 1096 suos,
939 1012 1104 1102 idemque
1128 1013 1321 1084 fidissimus
1338 1040 1347 1103 3

281 1153 318 1217 et
329 1147 407 1215 ideo
420 1148 456 1215 in
468 1145 676 1235 quibusdam
695 1149 864 1237 peccavit,
883 1151 964 1238 quia
982 1171 1040 1219 res
1056 1152 1216 1239 optimas,
1229 1154 1349 1223 molli-

282 1287 367 1354 tiem
396 1287 433 1352 in
465 1287 628 1371 amicitia,
659 1287 853 1356 litterarum
884 1309 1053 1376 amorem,
1083 1290 1174 1360 ultra
1205 1294 1354 1382 protulit.
1414 1271 1416 1274 ⁵

283 1427 389 1516 quim
407 1427 491 1494 satis
508 1433 572 1494 est.
593 1427 718 1494 Nonne
748 1427 855 1495 etiam
876 1428 1019 1495 vanitati
1034 1428 1112 1516 jure
1131 1430 1345 1518 ignoscatur,

279 1588 357 1656 quae
379 1565 508 1634 invidia
533 1571 569 1633 ct
591 1565 804 1656 malignitate
834 1556 966 1634 caruit‘l
996 1568 1122 1636 Nonne
1149 1576 1346 1658 opportuna

281 1713 317 1781 in
341 1734 422 1782 eum
440 1712 667 1803 indulgentia,
688 1713 760 1802 qui,
780 1733 890 1801 quum
913 1714 1058 1803 gloriam
1076 1716 1154 1804 plus
1171 1735 1271 1804 aequo
1290 1718 1344 1785 al-

280 1856 435 1941 fectaret‚
453 1857 604 1924 neminis
624 1857 768 1945 gloriam
779 1856 855 1945 ipse
868 1856 1059 1924 insectatus
1077 1862 1141 1943 est,
1161 1858 1342 1926 neminem

279 2012 480 2100 depressit‘.l
508 2010 559 2079 Ita
582 2016 700 2080 autem
726 2011 844 2079 dilexit
865 2012 1009 2096 amicos
1027 2012 1074 2079 ita
1092 2013 1167 2100 ipse
1190 2012 1339 2082 dilectus

276 2156 344 2236 est,
360 2156 399 2218 ut
416 2157 450 2219 et
475 2153 605 2240 posteri
629 2152 729 2240 quasi
747 2150 831 2219 fiant
854 2150 969 2237 amici,
989 2171 1105 2239 neque
1127 2130 1210 2219 eum
1223 2153 1339 2221 acrius

276 2293 457 2381 increpare
470 2293 587 2380 velint,
601 2300 651 2362 tot
669 2292 855 2362 virtutibus
875 2291 1171 2360 commendatum.

323 2546 423 2627 Quod
435 2547 477 2615 ad
496 2567 558 2613 nos
577 2547 739 2635 pertinet,
761 2548 887 2636 ingrati
906 2546 1005 2614 nohis
1025 2545 1238 2629 videremur,
1267 2547 1338 2613 nisi

277 2683 379 2751 Plinii
397 2684 559 2773 epistolas
586 2683 823 2770 laudaremus,
854 2684 1142 2771 benignissimam
1161 2688 1335 2770 paratam-

276 2846 343 2913 que
368 2825 541 2916 magistris
573 2824 820 2912 discipulisque
839 2824 1034 2908 materiem,
1058 2824 1131 2890 sive
1154 2824 1197 2890 ad
1217 2844 1335 2892 mores

273 2974 452 3060 respicias,
482 2974 551 3040 sive
582 2972 626 3040 ad
650 2972 823 3040 sermonis
855 2971 1091 3061 elegantiam;
1125 2970 1269 3058 prodest
1298 2973 1335 3040 in

272 3118 380 3185 animi
398 3118 593 3206 mentisque
618 3117 872 3201 educationem,
894 3115 1062 3204 quidquid
1093 3116 1333 3203 laudandum3

272 3257 414 3344 prodest
431 3260 547 3343 etiam,
568 3260 598 3326 si
618 3258 701 3347 quid
714 3257 1043 3347 reprehendendum
1057 3259 1111 3326 sit.
1130 3258 1254 3346 Neque
1265 3259 1335 3328 hoc

271 3407 308 3473 in
327 3408 479 3474 minimis
497 3407 640 3476 laudum
658 3407 774 3492 fuerit,
795 3408 885 3496 quod
899 3406 941 3474 ad
960 3406 1161 3474 formandos
1194 3408 1334 3477 adoles-

164 3562 180 3581 ’·
271 3554 401 3634 centes,
421 3546 513 3616 utilis
528 3549 572 3614 sit
583 3549 735 3637 optimus
747 3547 804 3614 ille
817 3547 949 3615 Plinius
964 3569 973 3632 3
988 3566 1115 3634 neque,
1138 3553 1178 3616 ut
1189 3548 1329 3636 opinor,

269 3705 313 3753 ea
324 3685 372 3752 illi
398 3684 504 3773 gloria
523 3683 714 3771 displiceat,
730 3683 790 3771 qui
802 3682 1038 3750 adolescentes
1050 3681 1182 3750 dilexit.
1206 3685 1332 3752 Facilis

267 3848 390 3896 eorum
408 3827 500 3915 fuga,
514 3828 549 3894 in
568 3826 692 3914 quibus
705 3827 836 3894 Plinius
856 3827 984 3894 nimius
997 3826 1079 3910 tuit3
1100 3825 1228 3895 doceat
1244 3832 1329 3895 vero

266 3983 337 4051 quo
361 3963 476 4029 animo
490 3960 731 4050 amplectenda
755 3960 824 4030 sint
849 3960 916 4027 illae
947 3961 1171 4029 humaniores
1187 3961 1327 4050 litterae,

265 4127 347 4194 quae
366 4105 464 4172 illum
476 4109 510 4172 et
529 4103 667 4171 felicem
686 4101 855 4183 fecerunt,
870 4107 904 4170 et
920 4104 1116 4189 meliorem;
1137 4104 1219 4172 inde
1235 4125 1331 4193 quse·

265 4256 371 4331 ratur,
392 4245 449 4313 illo
464 4244 563 4329 duce,
585 4248 619 4310 et
633 4243 708 4310 vitae
728 4242 888 4332 dignitas,
907 4249 941 4312 et
955 4243 1139 4333 aliquando
1152 4245 1324 4313 levamen:
