3210 5220
799 611 972 678 —22—

355 804 513 872 amicitiis
532 803 663 887 debuit,
690 805 737 872 ita
762 805 930 873 amicitias
945 825 1061 873 mores
1087 824 1261 873 meruere.
1291 805 1343 873 De
1362 802 1425 873 his

355 945 459 1032 igitur
471 946 634 1013 attentius
650 945 906 1015 disserendum.

446 1140 521 1207 Hoc
539 1146 656 1208 autem
668 1149 747 1208 ante
761 1143 877 1210 omnia
894 1143 1043 1211 notabile
1057 1141 1150 1232 quod
1168 1141 1269 1210 Plinii
1285 1160 1420 1226 meree,

358 1280 432 1367 ipso
446 1280 620 1367 laudante,
642 1283 887 1371 approbamus.
911 1285 1044 1352 Rarum
1064 1283 1207 1372 quidem
1219 1282 1304 1351 illud
1324 1284 1424 1370 qued

361 1423 474 1486 semet
500 1418 654 1488 laudanti
682 1423 853 1491 credatur.
885 1423 1009 1491 Nonne
1039 1428 1156 1492 autem
1184 1425 1262 1512 Jure
1292 1421 1420 1511 Plinie,

361 1559 519 1645 quamvis
549 1560 680 1628 nimius
703 1581 796 1650 saepe
821 1562 933 1630 insui
956 1562 1187 1631 venditatione
1210 1561 1420 1647 inveniatur,

362 1700 572 1769 assentimur
588 1706 716 1788 tamen,
736 1723 803 1772 nee
827 1704 1002 1791 propriam
1024 1723 1165 1772 eausam
1194 1700 1309 1792 agenti
1331 1700 1422 1768 diffi-

362 1838 503 1909 dimus‘l
523 1843 693 1930 Primam,
708 1851 747 1913 ut
775 1845 923 1931 videtur,
954 1867 1024 1914 non
1043 1846 1274 1934 semetipsum
1291 1844 1339 1912 ita
1360 1863 1424 1931 po·

361 1984 486 2052 tuisset
523 1986 701 2075 extollere,
732 1988 800 2055 nisi
831 1993 1040 2056 ooeterorum
1072 2006 1283 2056 eonsensum
1322 1986 1425 2074 quasi

362 2128 626 2212 praesensisset:
649 2132 913 2219 praerogativum
933 2128 1076 2216 quidem
1096 2127 1139 2196 de
1160 2148 1198 2196 se
1216 2125 1424 2216 suffragium

362 2264 451 2351 tulit,
470 2267 533 2333 sed
546 2267 723 2357 suffragati
747 2273 828 2337 sunt
846 2268 1013 2356 aequalem
1034 2287 1182 2356 quorum
1203 2267 1308 2354 igitur
1329 2267 1422 2353 J'ure,

366 2402 449 2472 dum
464 2407 574 2475 Plinio
594 2408 782 2494 eredimus,
804 2409 1002 2476 testimonio
1020 2408 1211 2474 innitimur.
1232 2403 1365 2473 Deinde
1381 2425 1425 2472 ea

366 2551 402 2618 in
432 2552 586 2640 epistolis
615 2553 824 2642 ingenuitas,
857 2553 887 2618 is
906 2551 1059 2619 veritatis
1078 2549 1184 2635 eoler,
1206 2557 1244 2618 ut
1265 2548 1424 2616 diffidere
1474 2598 1477 2603 -

366 2692 516 2760 nolimus
538 2714 544 2758 :
575 2693 683 2761 multa
708 2699 827 2760 eontra
849 2693 981 2781 passim
1010 2692 1233 2759 inveniuntur
1254 2709 1331 2779 quae
1353 2709 1423 2757 non

366 2831 402 2900 in
414 2834 640 2902 ambitionem
652 2834 731 2903 fieta
743 2834 884 2902 eredere
896 2834 994 2916 velis,
1010 2833 1073 2902 sed
1085 2854 1129 2901 ex
1140 2833 1271 2922 optimo
1282 2839 1424 2921 pectore

367 2982 490 3066 sponte
513 2976 712 3046 delluxisse.
745 2976 834 3044 lllud
864 2976 969 3043 etiam
1003 2975 1091 3043 adde
1123 2973 1262 3062 optimae
1290 2978 1424 3040 naturae

367 3119 546 3205 indicium,
566 3121 658 3209 quod
674 3120 836 3209 jactantia
853 3116 1076 3205 indulgentiae
1091 3135 1162 3183 non
1182 3113 1343 3198 abluerit,
1357 3134 1426 3182 nee

369 3261 544 3348 propriam
568 3261 722 3345 laudem,
755 3266 794 3328 ut
821 3259 869 3347 sit,
902 3280 945 3326 ex
977 3258 1124 3326 aliorum
1153 3254 1424 3345 reprehensione

370 3400 502 3469 Plinius
520 3400 717 3488 quaesierit,
737 3401 807 3468 imo
821 3407 951 3487 eontra,
967 3398 1061 3467 nulla
1073 3399 1109 3466 in
1128 3417 1341 3487 quemquam
1352 3418 1426 3466 ma·

370 3545 523 3635 lignitas3
544 3545 663 3612 amieis
676 3547 755 3612 vero
774 3544 917 3631 perinde
938 3564 978 3611 ae
996 3541 1063 3609 sibi
1073 3539 1227 3625 indulsit,
1246 3539 1372 3629 quibus
1388 3541 1426 3608 in

370 3687 551 3757 laudandis
562 3687 626 3755 luit
643 3686 954 3776 ingeniosissimus,
967 3685 1093 3752 nimius
1106 3684 1209 3751 etiam
1228 3682 1424 3770 aliquando,

369 3836 408 3898 ut
420 3829 655 3919 aquibusdarn
670 3826 997 3917 reprehenderetur.
1019 3826 1159 3895 Nullam
1176 3826 1327 3914 prolecto
1352 3824 1428 3892 dili-

368 3971 505 4059 gentiirs
518 3991 622 4060 (luam
635 3969 784 4060 proprian
798 3968 916 4058 gloriae
931 3988 1071 4036 eausam
1084 3967 1155 4057 egit
1167 3973 1282 4035 orator
1294 3971 1425 4050 noster,

368 4110 414 4180 ita
444 4116 524 4180 verb
547 4113 628 4202 egit,
649 4117 688 4180 ut
716 4110 808 4199 apud
829 4111 963 4199 judiees
992 4111 1189 4196 obtineret·,
1215 4108 1296 4177 inde
1321 4109 1427 4176 etiam

370 4257 544 4346 [rectilineo
564 4255 631 4325 sibi
654 4255 816 4344 idemque
849 4253 1064 4322 rarissimum
1094 4253 1202 4321 decus
1230 4252 1348 4320 retulit
1375 4258 1426 4335 ut,
