3210 5220
712 667 887 736 -72.„

269 874 378 964 magis
390 873 495 942 libeat
506 875 793 963 emittere‚utque
812 874 953 942 taudem
971 876 1143 964 percipias
1161 875 1328 964 gaudium

269 1009 362 1096 quod
381 1028 444 1098 ego
462 1008 544 1076 olim
563 1028 625 1097 pro
643 1014 678 1079 te
698 1029 769 1077 non
789 1011 922 1077 temere
941 1030 1114 1098 praesumo
1137 1011 1197 1099 (ll.
1213 1009 1287 1099 10).
1312 1035 1326 1082 r>

268 1151 620 1241 Reprehendentibus
647 1153 753 1221 etiam
780 1152 989 1241 quibusdam
1008 1154 1142 1237 amicis,
1162 1160 1330 1242 tanquam

269 1295 398 1363 amieos
421 1315 503 1364 suos
522 1295 680 1401 exomni
702 1295 882 1363 occasione
911 1295 1166 1364 ultramodum
1195 1296 1327 1378 laudet,

277 1436 431 1526 agnoscit
455 1437 601 1523 crimen,
634 1435 854 1526 amplectitur
879 1439 1008 1506 etiam:
1029 1437 1104 1506 fere
1133 1437 1333 1528 indignatur

276 1579 367 1666 quod
384 1578 582 1646 felicissimo
601 1579 710 1646 errori
735 1577 876 1666 quidam
893 1579 1082 1665 invideant,
1102 1598 1169 1646 nec
1188 1598 1227 1646 se
1247 1598 1333 1666 per·

271 1720 411 1789 suaderi
434 1741 537 1809 posse
562 1719 724 1805 declarat,
760 1724 799 1788 ut
829 1742 910 1789 suos
935 1741 956 1788 a
980 1741 1018 1789 se
1046 1722 1156 1790 amari
1183 1720 1333 1789 nimium

266 1865 390 1947 putet:
414 1882 432 1927 a
452 1860 500 1928 Ut
517 1860 611 1928 enim
632 1880 703 1927 non
720 1859 791 1927 sint
814 1859 914 1944 tales,
939 1860 1059 1947 quales
1076 1880 1096 1929 a
1114 1880 1172 1928 me
1198 1859 1328 1948 prandi-

267 2006 401 2086 cantur,
410 2021 474 2091 ego
488 2006 608 2069 tamen
623 2000 756 2083 beatus,
765 2000 859 2089 quod
876 1999 1323 2090 mihividenturlvll.28).»

359 2196 428 2277 Qui
447 2202 563 2264 autem
576 2196 719 2265 beatum
739 2216 777 2264 se
798 2194 1016 2264 existimabat
1034 2195 1128 2284 qnod
1144 2195 1231 2264 tales
1255 2216 1330 2265 cre·

222 2326 225 2333 ’
273 2335 373 2403 deret
395 2354 472 2402 esse
491 2335 762 2424 amicoS‚quales
787 2337 862 2424 ipse
875 2334 1093 2423 praedicaret,
1107 2335 1191 2424 quid
1202 2337 1332 2405 mirum

275 2479 306 2547 si
322 2466 399 2546 talis
417 2476 484 2545 sibi
501 2479 596 2546 visus
618 2477 723 2546 fuerit
740 2480 850 2567 qualis
870 2484 905 2547 et
922 2478 1171 2567 praedicaretur
1187 2481 1277 2569 ipse,
1298 2486 1335 2549 et

272 2618 395 2686 haberi
418 2618 591 2707 cuperct‘.l
613 2617 685 2686 Illae
704 2638 789 2706 quas
808 2618 942 2695 facilius
972 2619 1116 2708 largitur
1142 2618 1264 2688 laudes
1288 2620 1332 2688 ad

269 2780 353 2829 eum
373 2760 473 2849 quasi
491 2759 650 2845 redeunt,
665 2780 870 2848 omnesque,
884 2767 1050 2850 tanquam
1071 2762 1326 2851 conspiratione

134 2894 137 2899 ’
266 2897 368 2982 facta,
389 2897 533 2966 invitant
549 2902 590 2966 ut
608 2897 675 2965 sibi
691 2897 835 2984 placeat,
852 2901 887 2964 et
904 2898 1048 2965 aemulus
1064 2897 1330 2982 Demosthenis

152 3036 155 3042 '
267 3042 303 3104 et
320 3036 407 3105 alter
426 3035 548 3105 Cicero
568 3056 646 3104 esse
671 3035 802 3104 credat.
829 3036 890 3104 llle
911 3035 1067 3123 Genitor,
1089 3038 1188 3142 crpus
1207 3037 1328 3105 schola

268 3193 289 3241 a
341 3172 453 3241 Plinio
477 3183 489 3261 ζ
507 3174 796 3258 commendatur,
851 3177 891 3242 eo
936 3174 1054 3243 forsan
1106 3176 1143 3243 in
1188 3175 1332 3244 laudem

268 3318 459 3406 promptior
494 3322 560 3406 qud
580 3394 582 3398 λ
601 3319 766 3388 illustrior
810 3325 1003 3408 perronna,
1047 3285 1179 3410 bonum
1224 3319 1331 3388 dubi-

269 3455 356 3522 tanti
386 3456 542 3524 animum
576 3457 669 3546 facit,
712 3463 747 3525 et
780 3457 918 3526 libellos
943 3458 986 3526 de
1014 3457 1165 3525 Helvidii
1200 3457 1331 3526 ultione

269 3598 415 3666 orationi
454 3599 698 3670 Demosthenis
730 3619 792 3673 κατὰ
816 3622 918 3674 Μειδίου
949 3602 1082 3670 confert
1117 3601 1212 3692 (VII.
1245 3599 1324 3690 30).

168 3819 185 3825 ..
238 3833 239 3836 Ἴ
268 3737 420 3808 Plinium
443 3747 561 3810 autem
591 3744 628 3811 in
655 3744 830 3814 Ciceronis
855 3743 1114 3812 aemulationem
1145 3742 1331 3832 gloriosius

268 3875 498 3946 elaboravisse
516 3879 740 3948 manifestum
770 3881 901 3951 faciunt
924 3881 1119 3948 amicorum
1152 3880 1327 3969 epistolae,
1380 3951 1384 3961 ,

268 4009 361 4098 apud
383 4030 470 4098 quas
501 4033 573 4082 non
595 4019 667 4082 tam
692 4014 858 4102 frequens
882 4014 941 4082 illa
961 4034 1042 4082 cum
1061 4014 1172 4084 Tullio
1193 4015 1328 4084 collatio

270 4161 383 4242 esset,
414 4157 482 4224 nisi
512 4178 590 4226 eam
625 4158 867 4248 cognovissent
895 4158 1007 4225 amico
1035 4156 1328 4246 jucundissimam

269 4303 360 4391 sore3
374 4325 489 4394 neque
503 4307 626 4396 ipsein
643 4284 887 4404 respondendo
906 4307 953 4374 ita
971 4306 1120 4375 libenter
1137 4325 1214 4374 rem
1230 4324 1328 4374 oom-
