<?xml version="1.0" encoding="UTF-8"?>
<!DOCTYPE html PUBLIC "-//W3C//DTD XHTML 1.0 Transitional//EN"
    "http://www.w3.org/TR/xhtml1/DTD/xhtml1-transitional.dtd">
<html xmlns="http://www.w3.org/1999/xhtml" xml:lang="en" lang="en">
 <head>
  <title>
</title>
<meta http-equiv="Content-Type" content="text/html;charset=utf-8" />
  <meta name='ocr-system' content='tesseract 3.04.00' />
  <meta name='ocr-capabilities' content='ocr_page ocr_carea ocr_par ocr_line ocrx_word'/>
</head>
<body>
  <div class='ocr_page' id='page_1' title='image "./qualemapudtatis00moygoog_0050.png"; bbox 0 0 3210 5220; ppageno 0'>
   <div class='ocr_carea' id='block_1_1' title="bbox 720 643 896 711">
    <p class='ocr_par' dir='ltr' id='par_1_1' title="bbox 720 643 896 711">
     <span class='ocr_line' id='line_1_1' title="bbox 720 643 896 711; baseline 0.017 -20"><span class='ocrx_word' id='word_1_1' title='bbox 720 643 896 711; x_wconf 82' lang='grc'>...39-</span> 
     </span>
    </p>
   </div>
   <div class='ocr_carea' id='block_1_2' title="bbox 273 830 1336 1503">
    <p class='ocr_par' dir='ltr' id='par_1_2' title="bbox 273 830 1336 1503">
     <span class='ocr_line' id='line_1_2' title="bbox 273 830 1334 931; baseline 0.009 -32"><span class='ocrx_word' id='word_1_2' title='bbox 273 830 423 931; x_wconf 70' lang='lat' dir='ltr'>dubitat,</span> <span class='ocrx_word' id='word_1_3' title='bbox 448 854 514 904; x_wconf 88' lang='lat' dir='ltr'>nee</span> <span class='ocrx_word' id='word_1_4' title='bbox 539 835 729 924; x_wconf 80' lang='lat' dir='ltr'>quidquam</span> <span class='ocrx_word' id='word_1_5' title='bbox 746 837 843 925; x_wconf 79' lang='lat' dir='ltr'>prins</span> <span class='ocrx_word' id='word_1_6' title='bbox 867 836 1057 905; x_wconf 80' lang='lat' dir='ltr'>decernere</span> <span class='ocrx_word' id='word_1_7' title='bbox 1090 837 1209 925; x_wconf 87' lang='lat' dir='ltr'>audet,</span> <span class='ocrx_word' id='word_1_8' title='bbox 1228 839 1334 929; x_wconf 74' lang='lat' dir='ltr'>quam</span> 
     </span>
     <span class='ocr_line' id='line_1_3' title="bbox 276 975 1333 1069; baseline 0.009 -28"><span class='ocrx_word' id='word_1_9' title='bbox 276 975 461 1064; x_wconf 57' lang='lat' dir='ltr'>trajanum</span> <span class='ocrx_word' id='word_1_10' title='bbox 474 976 702 1048; x_wconf 86' lang='lat' dir='ltr'>consuluerit:</span> <span class='ocrx_word' id='word_1_11' title='bbox 716 976 868 1047; x_wconf 85' lang='lat' dir='ltr'>notanda</span> <span class='ocrx_word' id='word_1_12' title='bbox 883 979 989 1047; x_wconf 90' lang='lat' dir='ltr'>etiam</span> <span class='ocrx_word' id='word_1_13' title='bbox 1000 978 1140 1068; x_wconf 88' lang='lat' dir='ltr'>Trajani</span> <span class='ocrx_word' id='word_1_14' title='bbox 1150 999 1333 1069; x_wconf 83' lang='lat' dir='ltr'>responsa,</span> 
     </span>
     <span class='ocr_line' id='line_1_4' title="bbox 276 1116 1336 1208; baseline 0.006 -24"><span class='ocrx_word' id='word_1_15' title='bbox 276 1116 466 1206; x_wconf 89' lang='lat' dir='ltr'>inquibus,</span> <span class='ocrx_word' id='word_1_16' title='bbox 486 1137 595 1206; x_wconf 88' lang='lat' dir='ltr'>quum</span> <span class='ocrx_word' id='word_1_17' title='bbox 622 1123 746 1186; x_wconf 84' lang='lat' dir='ltr'>cuneta</span> <span class='ocrx_word' id='word_1_18' title='bbox 764 1117 868 1208; x_wconf 83' lang='lat' dir='ltr'>legati</span> <span class='ocrx_word' id='word_1_19' title='bbox 887 1118 1027 1186; x_wconf 89' lang='lat' dir='ltr'>arbitrio</span> <span class='ocrx_word' id='word_1_20' title='bbox 1045 1121 1202 1208; x_wconf 80' lang='lat' dir='ltr'>remittit,</span> <span class='ocrx_word' id='word_1_21' title='bbox 1228 1123 1336 1192; x_wconf 82' lang='lat' dir='ltr'>multo</span> 
     </span>
     <span class='ocr_line' id='line_1_5' title="bbox 275 1264 1336 1361; baseline 0.01 -31"><span class='ocrx_word' id='word_1_22' title='bbox 275 1264 391 1331; x_wconf 78' lang='lat' dir='ltr'>minus</span> <span class='ocrx_word' id='word_1_23' title='bbox 419 1264 455 1331; x_wconf 87' lang='lat' dir='ltr'>in</span> <span class='ocrx_word' id='word_1_24' title='bbox 486 1264 592 1333; x_wconf 85' lang='lat' dir='ltr'>rebus</span> <span class='ocrx_word' id='word_1_25' title='bbox 618 1265 742 1334; x_wconf 83' lang='lat' dir='ltr'>divinis</span> <span class='ocrx_word' id='word_1_26' title='bbox 772 1264 914 1334; x_wconf 88' lang='lat' dir='ltr'>timidus</span> <span class='ocrx_word' id='word_1_27' title='bbox 939 1287 1031 1353; x_wconf 89' lang='lat' dir='ltr'>esse,</span> <span class='ocrx_word' id='word_1_28' title='bbox 1050 1275 1086 1337; x_wconf 93' lang='lat' dir='ltr'>et</span> <span class='ocrx_word' id='word_1_29' title='bbox 1108 1268 1199 1339; x_wconf 89' lang='lat' dir='ltr'>hano</span> <span class='ocrx_word' id='word_1_30' title='bbox 1222 1272 1336 1361; x_wconf 83' lang='lat' dir='ltr'>ipsam</span> 
     </span>
     <span class='ocr_line' id='line_1_6' title="bbox 275 1404 1333 1503; baseline 0.009 -31"><span class='ocrx_word' id='word_1_31' title='bbox 275 1405 375 1473; x_wconf 75' lang='lat' dir='ltr'>Plinii</span> <span class='ocrx_word' id='word_1_32' title='bbox 398 1404 665 1475; x_wconf 80' lang='lat' dir='ltr'>sollicitudinem</span> <span class='ocrx_word' id='word_1_33' title='bbox 688 1405 761 1474; x_wconf 80' lang='lat' dir='ltr'>lere</span> <span class='ocrx_word' id='word_1_34' title='bbox 782 1405 945 1475; x_wconf 90' lang='lat' dir='ltr'>admirari</span> <span class='ocrx_word' id='word_1_35' title='bbox 962 1407 1100 1478; x_wconf 86' lang='lat' dir='ltr'>videtur</span> <span class='ocrx_word' id='word_1_36' title='bbox 1123 1409 1182 1500; x_wconf 83' lang='lat' dir='ltr'>(X,</span> <span class='ocrx_word' id='word_1_37' title='bbox 1201 1409 1333 1503; x_wconf 85' lang='lat'>58,73).</span> 
     </span>
    </p>
   </div>
   <div class='ocr_carea' id='block_1_3' title="bbox 261 1659 1336 1889">
    <p class='ocr_par' dir='ltr' id='par_1_3' title="bbox 261 1659 1336 1889">
     <span class='ocr_line' id='line_1_7' title="bbox 363 1659 1331 1747; baseline 0.003 -18"><span class='ocrx_word' id='word_1_38' title='bbox 363 1659 465 1741; x_wconf 87' lang='lat' dir='ltr'>Quod</span> <span class='ocrx_word' id='word_1_39' title='bbox 477 1661 520 1729; x_wconf 88' lang='lat' dir='ltr'>ad</span> <span class='ocrx_word' id='word_1_40' title='bbox 534 1663 731 1730; x_wconf 89' lang='lat' dir='ltr'>animorum</span> <span class='ocrx_word' id='word_1_41' title='bbox 742 1662 1040 1733; x_wconf 87' lang='lat' dir='ltr'>immortalitatem</span> <span class='ocrx_word' id='word_1_42' title='bbox 1055 1663 1190 1747; x_wconf 84' lang='lat' dir='ltr'>attinet,</span> <span class='ocrx_word' id='word_1_43' title='bbox 1204 1664 1331 1733; x_wconf 89' lang='lat' dir='ltr'>eadem</span> 
     </span>
     <span class='ocr_line' id='line_1_8' title="bbox 261 1797 1336 1889; baseline 0.002 -23"><span class='ocrx_word' id='word_1_44' title='bbox 261 1797 455 1884; x_wconf 77' lang='lat' dir='ltr'>seeuritm,</span> <span class='ocrx_word' id='word_1_45' title='bbox 477 1798 602 1865; x_wconf 90' lang='lat' dir='ltr'>eadem</span> <span class='ocrx_word' id='word_1_46' title='bbox 619 1799 841 1889; x_wconf 80' lang='lat' dir='ltr'>negligentia.</span> <span class='ocrx_word' id='word_1_47' title='bbox 859 1799 1027 1868; x_wconf 89' lang='lat' dir='ltr'>Veterum</span> <span class='ocrx_word' id='word_1_48' title='bbox 1044 1797 1188 1887; x_wconf 87' lang='lat' dir='ltr'>quidem</span> <span class='ocrx_word' id='word_1_49' title='bbox 1200 1798 1336 1887; x_wconf 87' lang='lat' dir='ltr'>pleros·</span> 
     </span>
    </p>
   </div>
   <div class='ocr_carea' id='block_1_4' title="bbox 274 1936 1336 2302">
    <p class='ocr_par' dir='ltr' id='par_1_4' title="bbox 274 1936 1336 2302">
     <span class='ocr_line' id='line_1_9' title="bbox 274 1936 1336 2027; baseline 0.001 -22"><span class='ocrx_word' id='word_1_50' title='bbox 274 1957 343 2024; x_wconf 88' lang='lat' dir='ltr'>que</span> <span class='ocrx_word' id='word_1_51' title='bbox 364 1938 470 2006; x_wconf 83' lang='lat' dir='ltr'>multo</span> <span class='ocrx_word' id='word_1_52' title='bbox 483 1938 618 2006; x_wconf 92' lang='lat' dir='ltr'>minore</span> <span class='ocrx_word' id='word_1_53' title='bbox 638 1958 745 2027; x_wconf 90' lang='lat' dir='ltr'>quam</span> <span class='ocrx_word' id='word_1_54' title='bbox 760 1958 824 2006; x_wconf 92' lang='lat' dir='ltr'>nos</span> <span class='ocrx_word' id='word_1_55' title='bbox 844 1937 1017 2006; x_wconf 78' lang='lat' dir='ltr'>anxietate</span> <span class='ocrx_word' id='word_1_56' title='bbox 1029 1937 1122 2005; x_wconf 86' lang='lat' dir='ltr'>eirea</span> <span class='ocrx_word' id='word_1_57' title='bbox 1142 1936 1239 2005; x_wconf 92' lang='lat' dir='ltr'>illam</span> <span class='ocrx_word' id='word_1_58' title='bbox 1256 1957 1336 2006; x_wconf 87' lang='lat' dir='ltr'>rem</span> 
     </span>
     <span class='ocr_line' id='line_1_10' title="bbox 274 2074 1335 2164; baseline 0.004 -22"><span class='ocrx_word' id='word_1_59' title='bbox 274 2074 473 2144; x_wconf 85' lang='lat' dir='ltr'>elaborasse</span> <span class='ocrx_word' id='word_1_60' title='bbox 507 2075 744 2146; x_wconf 81' lang='lat' dir='ltr'>confitendum</span> <span class='ocrx_word' id='word_1_61' title='bbox 774 2081 840 2145; x_wconf 87' lang='lat' dir='ltr'>est.</span> <span class='ocrx_word' id='word_1_62' title='bbox 858 2075 1011 2145; x_wconf 85' lang='lat' dir='ltr'>Plinium</span> <span class='ocrx_word' id='word_1_63' title='bbox 1044 2078 1126 2143; x_wconf 80' lang='lat' dir='ltr'>vero</span> <span class='ocrx_word' id='word_1_64' title='bbox 1163 2082 1335 2164; x_wconf 85' lang='lat' dir='ltr'>nostrum,</span> 
     </span>
     <span class='ocr_line' id='line_1_11' title="bbox 274 2213 1336 2302; baseline 0.002 -22"><span class='ocrx_word' id='word_1_65' title='bbox 274 2232 353 2300; x_wconf 88' lang='lat' dir='ltr'>quae</span> <span class='ocrx_word' id='word_1_66' title='bbox 371 2218 507 2281; x_wconf 88' lang='lat' dir='ltr'>mortuo</span> <span class='ocrx_word' id='word_1_67' title='bbox 525 2219 788 2282; x_wconf 86' lang='lat' dir='ltr'>reservarentur</span> <span class='ocrx_word' id='word_1_68' title='bbox 806 2213 892 2282; x_wconf 88' lang='lat' dir='ltr'>satis</span> <span class='ocrx_word' id='word_1_69' title='bbox 903 2215 1029 2302; x_wconf 82' lang='lat' dir='ltr'>panim</span> <span class='ocrx_word' id='word_1_70' title='bbox 1039 2213 1218 2281; x_wconf 78' lang='lat' dir='ltr'>curavisse</span> <span class='ocrx_word' id='word_1_71' title='bbox 1237 2234 1336 2283; x_wconf 87' lang='lat' dir='ltr'>eons-</span> 
     </span>
    </p>
   </div>
   <div class='ocr_carea' id='block_1_5' title="bbox 218 2356 1338 3573">
    <p class='ocr_par' dir='ltr' id='par_1_5' title="bbox 218 2356 1338 3573">
     <span class='ocr_line' id='line_1_12' title="bbox 273 2356 1336 2447; baseline 0.006 -26"><span class='ocrx_word' id='word_1_72' title='bbox 273 2359 345 2423; x_wconf 83' lang='lat' dir='ltr'>tat:</span> <span class='ocrx_word' id='word_1_73' title='bbox 366 2375 411 2424; x_wconf 90' lang='lat' dir='ltr'>an</span> <span class='ocrx_word' id='word_1_74' title='bbox 422 2357 505 2446; x_wconf 90' lang='lat' dir='ltr'>quia</span> <span class='ocrx_word' id='word_1_75' title='bbox 519 2358 587 2425; x_wconf 87' lang='lat' dir='ltr'>vita</span> <span class='ocrx_word' id='word_1_76' title='bbox 599 2357 743 2442; x_wconf 79' lang='lat' dir='ltr'>felicior,</span> <span class='ocrx_word' id='word_1_77' title='bbox 764 2356 897 2424; x_wconf 86' lang='lat' dir='ltr'>nullam</span> <span class='ocrx_word' id='word_1_78' title='bbox 908 2376 1066 2445; x_wconf 86' lang='lat' dir='ltr'>unquam</span> <span class='ocrx_word' id='word_1_79' title='bbox 1084 2357 1199 2425; x_wconf 79' lang='lat' dir='ltr'>acrius</span> <span class='ocrx_word' id='word_1_80' title='bbox 1210 2359 1336 2447; x_wconf 79' lang='lat' dir='ltr'>anqui-</span> 
     </span>
     <span class='ocr_line' id='line_1_13' title="bbox 272 2499 1334 2591; baseline 0.004 -26"><span class='ocrx_word' id='word_1_81' title='bbox 272 2500 373 2567; x_wconf 88' lang='lat' dir='ltr'>rendi</span> <span class='ocrx_word' id='word_1_82' title='bbox 395 2500 641 2569; x_wconf 89' lang='lat' dir='ltr'>neeessitatem</span> <span class='ocrx_word' id='word_1_83' title='bbox 658 2500 891 2591; x_wconf 64' lang='lat' dir='ltr'>imposuerit?</span> <span class='ocrx_word' id='word_1_84' title='bbox 922 2521 967 2570; x_wconf 90' lang='lat' dir='ltr'>an</span> <span class='ocrx_word' id='word_1_85' title='bbox 985 2500 1066 2588; x_wconf 89' lang='lat' dir='ltr'>quia</span> <span class='ocrx_word' id='word_1_86' title='bbox 1078 2499 1138 2568; x_wconf 90' lang='lat' dir='ltr'>illa</span> <span class='ocrx_word' id='word_1_87' title='bbox 1152 2501 1334 2569; x_wconf 79' lang='lat' dir='ltr'>amoenitas</span> 
     </span>
     <span class='ocr_line' id='line_1_14' title="bbox 274 2640 1337 2730; baseline 0.002 -22"><span class='ocrx_word' id='word_1_88' title='bbox 274 2661 294 2708; x_wconf 87' lang='lat' dir='ltr'>a</span> <span class='ocrx_word' id='word_1_89' title='bbox 319 2641 529 2711; x_wconf 86' lang='lat' dir='ltr'>tristioribus</span> <span class='ocrx_word' id='word_1_90' title='bbox 546 2642 746 2730; x_wconf 67' lang='lat' dir='ltr'>refugeret?</span> <span class='ocrx_word' id='word_1_91' title='bbox 772 2662 817 2710; x_wconf 89' lang='lat' dir='ltr'>an</span> <span class='ocrx_word' id='word_1_92' title='bbox 835 2641 918 2730; x_wconf 87' lang='lat' dir='ltr'>quia</span> <span class='ocrx_word' id='word_1_93' title='bbox 935 2645 1029 2710; x_wconf 90' lang='lat' dir='ltr'>tanta</span> <span class='ocrx_word' id='word_1_94' title='bbox 1048 2645 1143 2710; x_wconf 88' lang='lat' dir='ltr'>esset</span> <span class='ocrx_word' id='word_1_95' title='bbox 1160 2641 1198 2708; x_wconf 91' lang='lat' dir='ltr'>in</span> <span class='ocrx_word' id='word_1_96' title='bbox 1213 2640 1337 2710; x_wconf 89' lang='lat' dir='ltr'>litteris</span> 
     </span>
     <span class='ocr_line' id='line_1_15' title="bbox 272 2781 1337 2871; baseline 0.005 -24"><span class='ocrx_word' id='word_1_97' title='bbox 272 2781 478 2869; x_wconf 85' lang='lat' dir='ltr'>sollicitudo,</span> <span class='ocrx_word' id='word_1_98' title='bbox 498 2790 616 2853; x_wconf 87' lang='lat' dir='ltr'>tantus</span> <span class='ocrx_word' id='word_1_99' title='bbox 634 2785 672 2852; x_wconf 89' lang='lat' dir='ltr'>in</span> <span class='ocrx_word' id='word_1_100' title='bbox 688 2783 811 2853; x_wconf 87' lang='lat' dir='ltr'>studiis</span> <span class='ocrx_word' id='word_1_101' title='bbox 823 2783 933 2871; x_wconf 86' lang='lat' dir='ltr'>labor,</span> <span class='ocrx_word' id='word_1_102' title='bbox 947 2789 987 2852; x_wconf 91' lang='lat' dir='ltr'>ut</span> <span class='ocrx_word' id='word_1_103' title='bbox 997 2784 1103 2852; x_wconf 86' lang='lat' dir='ltr'>vitam</span> <span class='ocrx_word' id='word_1_104' title='bbox 1117 2783 1305 2871; x_wconf 88' lang='lat' dir='ltr'>implerent</span> <span class='ocrx_word' id='word_1_105' title='bbox 1318 2784 1337 2852; x_wconf 79' lang='lat' dir='ltr'>‘l</span> 
     </span>
     <span class='ocr_line' id='line_1_16' title="bbox 218 2926 1337 3016; baseline 0 -21"><span class='ocrx_word' id='word_1_106' title='bbox 218 2990 221 2995; x_wconf 88' lang='lat'>.</span> <span class='ocrx_word' id='word_1_107' title='bbox 273 2926 375 2994; x_wconf 79' lang='lat' dir='ltr'>Certe</span> <span class='ocrx_word' id='word_1_108' title='bbox 398 2926 457 2995; x_wconf 90' lang='lat' dir='ltr'>illa</span> <span class='ocrx_word' id='word_1_109' title='bbox 473 2931 610 2997; x_wconf 80' lang='lat' dir='ltr'>tantbm</span> <span class='ocrx_word' id='word_1_110' title='bbox 633 2927 875 2997; x_wconf 86' lang='lat' dir='ltr'>immortalitas</span> <span class='ocrx_word' id='word_1_111' title='bbox 905 2927 1012 3012; x_wconf 83' lang='lat' dir='ltr'>cordi,</span> <span class='ocrx_word' id='word_1_112' title='bbox 1046 2945 1153 3016; x_wconf 90' lang='lat' dir='ltr'>quam</span> <span class='ocrx_word' id='word_1_113' title='bbox 1176 2926 1259 2995; x_wconf 89' lang='lat' dir='ltr'>dant</span> <span class='ocrx_word' id='word_1_114' title='bbox 1281 2927 1337 2995; x_wconf 90' lang='lat' dir='ltr'>lit·</span> 
     </span>
     <span class='ocr_line' id='line_1_17' title="bbox 270 3067 1331 3157; baseline 0.003 -25"><span class='ocrx_word' id='word_1_115' title='bbox 270 3071 375 3151; x_wconf 80' lang='lat' dir='ltr'>terae3</span> <span class='ocrx_word' id='word_1_116' title='bbox 393 3087 484 3135; x_wconf 90' lang='lat' dir='ltr'>unus</span> <span class='ocrx_word' id='word_1_117' title='bbox 506 3067 623 3155; x_wconf 88' lang='lat' dir='ltr'>timor,</span> <span class='ocrx_word' id='word_1_118' title='bbox 643 3071 674 3136; x_wconf 89' lang='lat' dir='ltr'>si</span> <span class='ocrx_word' id='word_1_119' title='bbox 692 3089 763 3138; x_wconf 91' lang='lat' dir='ltr'>non</span> <span class='ocrx_word' id='word_1_120' title='bbox 780 3067 991 3137; x_wconf 86' lang='lat' dir='ltr'>immortalia</span> <span class='ocrx_word' id='word_1_121' title='bbox 1007 3067 1077 3135; x_wconf 90' lang='lat' dir='ltr'>sint</span> <span class='ocrx_word' id='word_1_122' title='bbox 1099 3087 1217 3157; x_wconf 87' lang='lat' dir='ltr'>opera.</span> <span class='ocrx_word' id='word_1_123' title='bbox 1238 3067 1331 3135; x_wconf 85' lang='lat' dir='ltr'>Satis</span> 
     </span>
     <span class='ocr_line' id='line_1_18' title="bbox 270 3202 1337 3293; baseline 0.004 -25"><span class='ocrx_word' id='word_1_124' title='bbox 270 3202 408 3290; x_wconf 84' lang='lat' dir='ltr'>placere</span> <span class='ocrx_word' id='word_1_125' title='bbox 435 3202 573 3273; x_wconf 88' lang='lat' dir='ltr'>videtur</span> <span class='ocrx_word' id='word_1_126' title='bbox 603 3207 757 3274; x_wconf 88' lang='lat' dir='ltr'>humana</span> <span class='ocrx_word' id='word_1_127' title='bbox 797 3204 947 3273; x_wconf 85' lang='lat' dir='ltr'>conditio</span> <span class='ocrx_word' id='word_1_128' title='bbox 977 3205 1008 3272; x_wconf 92' lang='lat' dir='ltr'>si</span> <span class='ocrx_word' id='word_1_129' title='bbox 1038 3209 1118 3293; x_wconf 89' lang='lat' dir='ltr'>post</span> <span class='ocrx_word' id='word_1_130' title='bbox 1146 3204 1337 3274; x_wconf 76' lang='lat' dir='ltr'>decumum</span> 
     </span>
     <span class='ocr_line' id='line_1_19' title="bbox 271 3340 1337 3432; baseline 0.003 -24"><span class='ocrx_word' id='word_1_131' title='bbox 271 3341 456 3431; x_wconf 91' lang='lat' dir='ltr'>bonorum,</span> <span class='ocrx_word' id='word_1_132' title='bbox 479 3341 740 3432; x_wconf 87' lang='lat' dir='ltr'>studiosamque</span> <span class='ocrx_word' id='word_1_133' title='bbox 765 3347 995 3429; x_wconf 82' lang='lat' dir='ltr'>senectutem,</span> <span class='ocrx_word' id='word_1_134' title='bbox 1014 3340 1225 3411; x_wconf 82' lang='lat' dir='ltr'>concedatur</span> <span class='ocrx_word' id='word_1_135' title='bbox 1243 3342 1337 3431; x_wconf 91' lang='lat' dir='ltr'>apud</span> 
     </span>
     <span class='ocr_line' id='line_1_20' title="bbox 271 3484 1338 3573; baseline -0.003 -19"><span class='ocrx_word' id='word_1_136' title='bbox 271 3490 431 3573; x_wconf 89' lang='lat' dir='ltr'>posteros</span> <span class='ocrx_word' id='word_1_137' title='bbox 459 3487 641 3572; x_wconf 88' lang='lat' dir='ltr'>memoria,</span> <span class='ocrx_word' id='word_1_138' title='bbox 663 3484 906 3554; x_wconf 89' lang='lat' dir='ltr'>ethonestatis</span> <span class='ocrx_word' id='word_1_139' title='bbox 932 3488 968 3552; x_wconf 90' lang='lat' dir='ltr'>et</span> <span class='ocrx_word' id='word_1_140' title='bbox 997 3484 1205 3572; x_wconf 85' lang='lat' dir='ltr'>eloquentiae</span> <span class='ocrx_word' id='word_1_141' title='bbox 1237 3504 1338 3552; x_wconf 77' lang='lat' dir='ltr'>com-</span> 
     </span>
    </p>
   </div>
   <div class='ocr_carea' id='block_1_6' title="bbox 270 3632 440 3717">
    <p class='ocr_par' dir='ltr' id='par_1_6' title="bbox 270 3632 440 3717">
     <span class='ocr_line' id='line_1_21' title="bbox 270 3632 440 3717; baseline 0.012 -20"><span class='ocrx_word' id='word_1_142' title='bbox 270 3632 440 3717; x_wconf 88' lang='lat' dir='ltr'>probatio.</span> 
     </span>
    </p>
   </div>
   <div class='ocr_carea' id='block_1_7' title="bbox 359 3775 1331 3900">
    <p class='ocr_par' dir='ltr' id='par_1_7' title="bbox 359 3775 1331 3900">
     <span class='ocr_line' id='line_1_22' title="bbox 359 3775 1331 3900; baseline -0.006 -20"><span class='ocrx_word' id='word_1_143' title='bbox 359 3811 497 3881; x_wconf 87' lang='lat' dir='ltr'>Seilioet</span> <span class='ocrx_word' id='word_1_144' title='bbox 512 3831 570 3881; x_wconf 88' lang='lat' dir='ltr'>eas</span> <span class='ocrx_word' id='word_1_145' title='bbox 592 3811 773 3900; x_wconf 90' lang='lat' dir='ltr'>opiniones</span> <span class='ocrx_word' id='word_1_146' title='bbox 793 3829 880 3897; x_wconf 92' lang='lat' dir='ltr'>quas</span> <span class='ocrx_word' id='word_1_147' title='bbox 900 3827 921 3877; x_wconf 89' lang='lat' dir='ltr'>a</span> <span class='ocrx_word' id='word_1_148' title='bbox 940 3775 1090 3887; x_wconf 61' lang='lat' dir='ltr'>rt&#39;rutriee</span> <span class='ocrx_word' id='word_1_149' title='bbox 1111 3810 1146 3874; x_wconf 91' lang='lat' dir='ltr'>et</span> <span class='ocrx_word' id='word_1_150' title='bbox 1164 3805 1331 3875; x_wconf 84' lang='lat' dir='ltr'>educato-</span> 
     </span>
    </p>
   </div>
   <div class='ocr_carea' id='block_1_8' title="bbox 197 3940 1412 4336">
    <p class='ocr_par' dir='ltr' id='par_1_8' title="bbox 197 3940 1412 4336">
     <span class='ocr_line' id='line_1_23' title="bbox 197 3940 1412 4050; baseline -0.008 -17"><span class='ocrx_word' id='word_1_151' title='bbox 197 3946 200 3954; x_wconf 61' lang='grc'><strong>’</strong></span> <span class='ocrx_word' id='word_1_152' title='bbox 269 3964 366 4033; x_wconf 87' lang='lat' dir='ltr'>ribus</span> <span class='ocrx_word' id='word_1_153' title='bbox 384 3963 550 4032; x_wconf 88' lang='lat' dir='ltr'>hauserat</span> <span class='ocrx_word' id='word_1_154' title='bbox 568 3967 687 4031; x_wconf 91' lang='lat' dir='ltr'>noster</span> <span class='ocrx_word' id='word_1_155' title='bbox 705 3980 817 4050; x_wconf 89' lang='lat' dir='ltr'>usque</span> <span class='ocrx_word' id='word_1_156' title='bbox 836 3940 998 4044; x_wconf 81' lang='lat' dir='ltr'>servarit,</span> <span class='ocrx_word' id='word_1_157' title='bbox 1019 3977 1105 4046; x_wconf 89' lang='lat' dir='ltr'>quas</span> <span class='ocrx_word' id='word_1_158' title='bbox 1131 3954 1275 4045; x_wconf 88' lang='lat' dir='ltr'>quidem</span> <span class='ocrx_word' id='word_1_159' title='bbox 1292 3955 1337 4025; x_wconf 89' lang='lat' dir='ltr'>ad</span> <span class='ocrx_word' id='word_1_160' title='bbox 1405 3992 1412 4039; x_wconf 71' lang='grc' dir='ltr'>,ι</span> 
     </span>
     <span class='ocr_line' id='line_1_24' title="bbox 267 4095 1337 4190; baseline -0.007 -17"><span class='ocrx_word' id='word_1_161' title='bbox 267 4103 504 4190; x_wconf 82' lang='lat' dir='ltr'>excutiendas,</span> <span class='ocrx_word' id='word_1_162' title='bbox 520 4108 555 4172; x_wconf 89' lang='lat' dir='ltr'>et</span> <span class='ocrx_word' id='word_1_163' title='bbox 567 4102 676 4171; x_wconf 92' lang='lat' dir='ltr'>otium</span> <span class='ocrx_word' id='word_1_164' title='bbox 696 4101 802 4170; x_wconf 92' lang='lat' dir='ltr'>simul</span> <span class='ocrx_word' id='word_1_165' title='bbox 820 4105 855 4169; x_wconf 93' lang='lat' dir='ltr'>et</span> <span class='ocrx_word' id='word_1_166' title='bbox 872 4099 1030 4168; x_wconf 84' lang='lat' dir='ltr'>voluntas</span> <span class='ocrx_word' id='word_1_167' title='bbox 1050 4095 1210 4165; x_wconf 89' lang='lat' dir='ltr'>deluere:</span> <span class='ocrx_word' id='word_1_168' title='bbox 1231 4102 1337 4166; x_wconf 86' lang='lat' dir='ltr'>noctu</span> 
     </span>
     <span class='ocr_line' id='line_1_25' title="bbox 266 4237 1335 4336; baseline -0.008 -22"><span class='ocrx_word' id='word_1_169' title='bbox 266 4244 685 4336; x_wconf 76' lang='lat' dir='ltr'>vaganturdelunetorum</span> <span class='ocrx_word' id='word_1_170' title='bbox 697 4241 845 4325; x_wconf 81' lang='lat' dir='ltr'>umbrae,</span> <span class='ocrx_word' id='word_1_171' title='bbox 859 4239 1074 4328; x_wconf 90' lang='lat' dir='ltr'>sepulturam</span> <span class='ocrx_word' id='word_1_172' title='bbox 1087 4257 1107 4306; x_wconf 93' lang='lat' dir='ltr'>a</span> <span class='ocrx_word' id='word_1_173' title='bbox 1121 4237 1207 4307; x_wconf 87' lang='lat' dir='ltr'>vivis</span> <span class='ocrx_word' id='word_1_174' title='bbox 1220 4237 1335 4326; x_wconf 87' lang='lat' dir='ltr'>requi·</span> 
     </span>
    </p>
   </div>
   <div class='ocr_carea' id='block_1_9' title="bbox 0 0 1610 5220">
    <p class='ocr_par' dir='ltr' id='par_1_9' title="bbox 0 0 1610 5220">
     <span class='ocr_line' id='line_1_26' title="bbox 0 0 1610 5220; baseline 0 1"><span class='ocrx_word' id='word_1_175' title='bbox 0 0 1610 5220; x_wconf 95' lang='lat' dir='ltr'> </span> 
     </span>
    </p>
   </div>
  </div>
 </body>
</html>
