3210 5220
710 701 889 771 ..61-

269 890 417 960 dissime
445 893 601 962 calculo!
621 894 704 982 quid
729 896 824 963 enim
844 902 904 964 aut
922 894 1060 984 publice
1089 895 1201 966 laetius
1228 899 1335 986 quatur

269 1033 477 1101 clarissimos
491 1037 637 1122 juvenes
655 1055 785 1104 nomen
807 1042 842 1104 et
859 1035 987 1104 lamam
1008 1057 1051 1104 ex
1063 1036 1186 1104 studiis
1198 1043 1332 1126 petere,

268 1169 326 1236 aut
358 1164 446 1232 mihi
477 1166 625 1255 optatius
649 1166 754 1255 quam
784 1165 827 1234 ad
858 1172 954 1236 recta
985 1166 1208 1235 tendentibus
1234 1172 1333 1256 quasi

268 1307 447 1395 exemplar
465 1328 544 1377 esse
571 1310 786 1399 propositum
803 1310 874 1398 (Vl.
895 1309 991 1398 llll
1018 1333 1032 1374 a
1062 1309 1238 1380 Laudatur
1258 1312 1336 1381 Vir-

268 1446 380 1533 ginius
403 1447 582 1515 Romanus
618 1449 679 1537 qui
715 1446 904 1516 comoedias
939 1448 1087 1536 scripsit,
1120 1467 1208 1536 quas
1242 1449 1336 1517 inter

267 1581 442 1650 Plautinas
455 1582 752 1672 Terentianasque
764 1604 949 1651 numeres:
976 1607 990 1649 c
1014 1584 1106 1652 circa
1118 1604 1175 1652 me
1198 1587 1332 1653 tuntum
1380 1653 1381 1657 ,

267 1717 478 1809 benignitate
496 1720 606 1789 nimia
623 1721 768 1789 modum
787 1721 950 1790 excessit.
971 1720 1043 1810 (lv.
1063 1719 1135 1807 21).
1160 1744 1174 1783 n

355 1914 464 1984 Multa
474 1917 617 2004 quidem
635 1917 837 2003 omittenda,
848 1938 893 1984 ne
909 1916 1085 1985 laboretur
1097 1914 1328 1984 abundantia:

266 2059 333 2126 hoc
349 2063 430 2128 vero
447 2061 648 2149 perspicere
670 2061 763 2147 licet,
792 2060 903 2149 qualis
932 2066 967 2128 et
998 2060 1104 2149 quam
1134 2059 1265 2129 multus
1295 2062 1332 2128 in

265 2198 447 2268 laudandis
465 2201 587 2268 amicis
607 2201 740 2269 Plinius
758 2199 879 2286 fuerit,
890 2205 925 2269 et
936 2200 1057 2269 laudes
1075 2201 1204 2288 saepius
1216 2200 1260 2268 ab
1272 2191 1331 2270 illo

266 2373 337 2423 non
349 2353 446 2423 datas
464 2355 585 2443 fuisse,
606 2355 670 2424 sed
688 2355 910 2425 laudantibus
922 2354 1215 2445 diligentibusque
1231 2359 1332 2445 quasi

263 2498 429 2567 redditas.
451 2498 531 2567 Noli
548 2505 667 2568 tamen
693 2499 834 2568 vanitati
863 2505 899 2569 et
924 2499 1105 2568 ambitioni
1123 2521 1199 2569 rem
1221 2506 1332 2569 totam

263 2636 398 2706 referre
421 2660 427 2704 :
450 2659 519 2727 quo
538 2639 634 2707 enim
649 2643 807 2726 tempure
822 2637 941 2706 multae
953 2638 1108 2726 undique
1123 2658 1161 2705 se
1179 2636 1332 2708 olleruut

265 2774 470 2864 voluptates,
491 2775 614 2864 optimi
631 2772 692 2860 illi,
711 2735 938 2859 utdiximus‚
964 2775 1025 2862 qui
1054 2773 1168 2841 studia
1191 2774 1229 2840 in
1253 2793 1330 2841 rem

265 2914 449 2982 honestam
473 2914 679 2983 sortierunt:
700 2913 817 2983 nullus
837 2913 910 2981 ferd
935 2919 974 2981 ut
998 2913 1161 2995 disertus,
1182 2911 1330 2999 quinon

266 3062 301 3124 et
319 3056 450 3144 probus
472 3056 577 3126 simul
597 3055 782 3141 laudetur;
813 3055 946 3124 scilicet
971 3054 1104 3122 Plinius
1127 3060 1247 3121 noster
1268 3053 1331 3120 ho·

266 3207 438 3272 aestatem
450 3223 470 3270 a
483 3201 606 3270 studiis
623 3221 695 3268 non
709 3204 861 3289 separat,
881 3218 997 3287 neque
1012 3216 1122 3286 quum
1134 3196 1177 3264 de
1192 3197 1331 3265 coeteris

266 3349 439 3434 ageretur,
461 3343 644 3432 separavit.
659 3341 938 3409 Honestissimus
958 3357 1041 3429 ergo
1060 3337 1169 3406 fuisse
1182 3338 1240 3405 ille
1259 3342 1331 3406 stu-

266 3485 444 3559 diosorum
474 3485 596 3577 globus
621 3485 782 3570 videtur,
804 3484 872 3551 nisi
901 3484 937 3550 in
963 3482 1174 3571 quibusdam
1210 3486 1333 3549 noster

266 3629 445 3714 erraverit,
457 3627 509 3695 vir
520 3627 558 3694 in
576 3645 733 3694 errorem
749 3624 894 3710 facilior,
911 3629 947 3693 et
962 3642 1086 3692 omnes
1100 3623 1229 3691 amicos
1243 3621 1332 3690 tales

266 3768 466 3854 crediderit,
487 3767 598 3857 qualis
610 3766 685 3858 ipse
705 3772 741 3835 et
760 3784 838 3834 esse
858 3771 893 3833 et
910 3763 1033 3833 haberi
1053 3762 1167 3832 vellet.

354 3997 632 4089 Operosissimus
646 3996 789 4087 quidem
807 3995 864 4064 ille
882 3996 1096 4085 principatus
1117 4015 1125 4060 :
1146 3992 1245 4061 labor
1265 4013 1330 4062 au·

176 4130 204 4157 ²
265 4145 338 4212 tem
356 4142 468 4212 Plinio
485 4140 787 4230 jucundissimus,
815 4139 977 4209 continuo
1002 4138 1133 4206 amicos
1151 4136 1196 4204 ad
1214 4136 1329 4205 studia

266 4285 405 4371 excitat,
423 4303 601 4373 novosque
626 4283 721 4353 cives
734 4281 772 4352 in
785 4280 880 4352 illam
898 4279 998 4370 quasi
1017 4279 1190 4350 civitatem
1209 4297 1332 4348 arces-
