3210 5220
669 660 823 702 ...d-.-

206 835 384 922 imposuit,
447 834 665 901 disertissimi
728 835 896 922 cujusque
965 835 1168 903 translatum
1232 837 1269 903 in

205 974 336 1042 litteras
375 973 548 1059 studium,
603 975 714 1042 rarior
751 981 833 1042 tunc
873 974 1066 1043 oratoribus
1099 980 1265 1061 materia,

206 1133 286 1201 spes
329 1115 453 1199 minor,
507 1113 703 1202 periculum
753 1117 882 1203 majus;
929 1121 1012 1183 tunc
1058 1116 1268 1205 quicumque

141 1329 143 1332 ,
201 1259 273 1326 otio
296 1259 497 1348 dignitatem
530 1263 565 1325 et
587 1259 809 1326 securitatem
841 1257 1032 1345 quaerebat,
1061 1258 1105 1326 ad
1131 1260 1269 1345 poesim

206 1392 370 1459 converti.
416 1389 517 1471 Quod
564 1391 669 1458 etiam
707 1389 862 1458 studium
907 1389 1075 1477 Caesares,
1120 1392 1270 1480 propriae

203 1526 382 1594 securitati
411 1526 630 1594 consulentes
662 1524 720 1612 (l),
752 1527 873 1614 gratia,
900 1528 1054 1614 praemiis
1087 1532 1267 1613 acuerunt,

105 1656 109 1664 ’
205 1674 240 1735 ot
281 1668 389 1756 (quod
424 1668 707 1737 efficacissimum
753 1670 920 1738 incitandi
956 1669 1080 1759 genus)
1130 1672 1270 1759 proprio

205 1812 332 1900 saepius
372 1812 549 1900 exemplo:
591 1833 712 1881 eorum
754 1815 848 1881 enirn
885 1815 1071 1903 plerosque
1111 1815 1266 1884 carmina

182 1954 241 2019 'in
290 1956 435 2040 utraque
468 1954 584 2042 linguai
632 1954 805 2022 factitasse
850 1961 994 2023 constat.
1053 1956 1114 2023 Ille
1158 1957 1265 2025 etiam

205 2098 421 2165 Domitianus
446 2099 545 2184 cujus
570 2098 723 2165 carmina
748 2097 865 2165 laudat
899 2098 1079 2182 Martialis,
1110 2097 1272 2167 adulandi

197 2239 339 2323 artifex,
368 2240 542 2327 proposito
568 2239 688 2327 Agone
717 2239 921 2327 Capitoline,
952 2246 1073 2327 poetas
1099 2240 1273 2310 adhortari

202 2386 297 2452 uisus
342 2391 417 2452 est:
463 2385 598 2453 homini
650 2384 782 2452 seilicet
818 2384 1047 2472 philosophiae
1086 2386 1270 2474 omnisque

200 2526 334 2594 altioris
370 2528 501 2616 ingenii
542 2528 697 2611 inimica,
740 2547 811 2594 non
845 2525 1050 2614 displicebat
1082 2512 1200 2594 Musas
1236 2528 1274 2593 in

206 2668 468 2756 circumscripto
502 2669 602 2756 quasi
635 2669 819 2752 curriculo,
849 2669 1069 2755 inspectante
1095 2667 1268 2754 principe,

201 2809 421 2895 decurrere,
471 2813 633 2900 pauciora
675 2818 793 2880 tamen
846 2812 1016 2899 ingenia,
1070 2817 1110 2878 ut
1158 2808 1271 2894 solet,

201 2951 443 3019 excitaverunt
501 2952 640 3040 publica
708 2953 865 3040 praemia,
930 2950 1036 3038 quam
1087 2950 1275 3019 retardavit

90 3167 94 3174 ¹
202 3091 367 3178 suspicax
386 3090 531 3159 Caesaris
556 3093 737 3181 ingenium
758 3097 793 3158 et
810 3090 913 3178 plena
938 3090 1175 3178 periculorum
1195 3111 1272 3159 ser-

206 3241 308 3309 vitus.
335 3243 577 3333 Regnantibus
606 3243 749 3311 tandem
774 3243 892 3310 Nerva
916 3247 953 3310 et
979 3243 1146 3332 Trojano,
1171 3242 1275 3312 rediit

108 3446 109 3450 ,
205 3384 366 3470 animus;
393 3390 469 3453 tum
500 3385 707 3468 oratoribus,
744 3388 821 3451 turn
850 3383 1037 3469 historicis,
1067 3386 1143 3450 turn
1168 3381 1274 3449 etiam

205 3521 317 3606 poetis
329 3521 455 3610 largior
475 3522 637 3605 materia,
656 3521 873 3608 frequentius
890 3519 1085 3587 litterarum
1104 3516 1272 3603 studium,

205 3663 288 3749 quia
306 3643 488 3748 securius3
523 3665 797 3752 impositumque
820 3664 879 3732 eliu
899 3664 1076 3732 silentium
1096 3666 1137 3729 eo
1161 3662 1274 3729 acrius

204 3804 243 3870 in
261 3803 518 3874 festinationem
540 3807 666 3894 erupit,
687 3805 781 3894 quod
805 3806 854 3872 illi
874 3805 979 3874 etiarn
999 3807 1059 3893 qui
1083 3803 1276 3873 scriberent

242 4158 494 4228 (ltTaeite‚1tial.
519 4159 547 4216 Χ.
578 4161 662 4217 lilius
694 4161 840 4219 almoniam
866 4161 1166 4234 offenderepootarum
1194 4176 1275 4231 quam

199 4263 345 4312 ‘elatorum
362 4257 490 4314 studium.
