3210 5220
804 745 847 757 ..
870 706 981 774 2014

357 868 441 935 tiani
460 872 518 934 aut
532 865 637 932 occisi
655 863 792 931 fuerant
808 864 1033 956 autrelegati.
1054 865 1250 933 Honestum
1264 886 1434 955 semper,

358 1012 443 1081 utile
456 1009 639 1100 aliquando
653 1007 767 1078 officio
783 1009 880 1102 fungi
892 1030 902 1094 ;
916 1028 958 1076 eo
972 1014 1131 1097 tempore
1150 1009 1260 1078 Plinio
1274 1011 1433 1079 exitiumv

361 1150 405 1218 ab
424 1149 562 1218 Caesare
574 1146 795 1232 imminebat,
808 1167 877 1235 quo
897 1147 1046 1216 salutem
1060 1148 1187 1216 civitati
1198 1148 1268 1216 fata
1286 1167 1428 1236 praepa-

357 1284 503 1353 rabant:
540 1283 589 1349 ita
629 1280 730 1365 fides,
757 1280 961 1368 periculosa
989 1280 1213 1369 aliquamdiu,
1248 1281 1434 1349 bonorum

358 1417 545 1501 amicitiaS,
559 1420 594 1482 et
609 1420 712 1482 antea
726 1433 797 1482 non
816 1416 985 1483 erravisse
1006 1414 1254 1503 comprobavit,
1276 1421 1311 1484 ct
1334 1435 1426 1484 con-

357 1554 508 1623 firmavit
526 1555 563 1621 in
586 1559 786 1642 posterum,
806 1552 892 1621 illud
911 1555 1014 1621 etiam
1034 1573 1054 1621 a
1072 1553 1267 1623 Domitiano
1285 1557 1435 1644 pericu-

356 1693 444 1777 lum,
473 1691 565 1781 apud
595 1710 703 1759 novos
738 1691 914 1779 principes
952 1691 1219 1758 commendatio.

445 1876 530 1943 Haec
551 1879 673 1944 autem
695 1875 842 1945 fortunae
861 1874 1005 1944 facilitas
1021 1875 1147 1963 aliquid
1169 1876 1205 1943 in
1228 1876 1424 1944 informan-

357 2013 439 2080 dam
452 2012 556 2080 Plinii
573 2012 727 2080 indolem
745 2012 894 2081 valuisse
912 2011 1050 2080 videtur
1067 2033 1074 2077 ι
1096 2010 1228 2079 scilicet
1244 2031 1314 2078 non
1329 2011 1424 2081 circa

357 2150 454 2217 initia
483 2150 543 2218 diu
586 2152 733 2238 reptavit
769 2150 938 2238 dignitas3
976 2150 1025 2218 ad.
1050 2151 1182 2238 majora
1216 2150 1360 2217 enitenti
1386 2157 1431 2218 et.

361 2290 545 2358 lmminum
573 2290 668 2357 favor
693 2296 728 2358 et
745 2295 903 2392 tempora
921 2292 1086 2377 arrisere3
1119 2291 1156 2357 in
1173 2289 1238 2358 hac
1256 2289 1421 2360 felicitate

357 2427 451 2494 nulla
466 2447 622 2514 unquam
641 2427 854 2517 aegritudinis
873 2429 1048 2496 materies.
1083 2428 1199 2496 Multis
1213 2427 1352 2516 quidem
1364 2427 1423 2496 vel

361 2565 598 2635 nescientibus
622 2565 744 2633 subest
756 2585 848 2654 aegra
867 2564 1033 2653 quaedam.
1046 2565 1212 2634 adversus
1222 2570 1422 2633 morantem

356 2707 533 2776 fortunam
565 2706 733 2793 offensio,
765 2708 991 2796 praesentium
1021 2708 1249 2794 impatientia,
1285 2706 1430 2775 infensa

355 2842 566 2911 felicioribus
602 2842 775 2910 emulatio
809 2841 998 2930 quamdam
1024 2861 1230 2928 exasperare
1268 2840 1356 2908 solet
1381 2840 1427 2906 in

356 2982 462 3050 rebus
490 2980 760 3069 hominibusque
793 2978 998 3068 judicandis
1029 2978 1278 3047 morositatem.
1307 2978 1420 3047 Plinio

357 3127 475 3187 autem
501 3125 621 3187 contra
651 3119 731 3204 fuit3
761 3138 840 3207 quae
863 3119 992 3208 saepius
1013 3118 1214 3206 superbiam
1245 3121 1356 3188 irritat
1384 3141 1428 3206 et„

355 3259 582 3346 asperitatem
597 3266 758 3347 prompta
779 3259 943 3345 felicitas,
953 3260 1112 3327 innatam
1126 3261 1233 3328 animi
1251 3260 1428 3330 humani-v

334 3403 465 3466 ‘tatem
491 3395 705 3468 confirmavit
720 3421 732 3466 :.
758 3403 886 3491 quippe
918 3401 985 3469 ista
1015 3403 1100 3470 vitae
1118 3402 1262 3472 facilitas
1291 3404 1428 3474 indolis

358 3541 557 3610 facilitatem
568 3541 705 3609 videtur
725 3545 875 3630 auxisse,
897 3548 932 3611 et
947 3544 1198 3634 indulgentiam
1211 3545 1326 3615 docuit
1343 3523 1428 3635 ipsa

357 3700 477 3750 rerum
497 3682 750 3771 hominumque
771 3683 996 3775 indulgentia.

377 3865 379 3870 '
402 3853 500 3936 Haec,
522 3860 561 3923 ut
572 3855 722 3944 videtur,
743 3859 896 3927 Plinium
908 3859 1192 3945 informaverant,
1214 3881 1323 3950 quum
1337 3882 1425 3931 eum.

245 4092 247 4096 Α
357 3984 496 4074 Trajani
531 3992 748 4079 temporibus
785 3996 993 4064 honoratum
1025 3997 1212 4086 multisque
1254 3998 1425 4067 dilectum

358 4123 531 4211 videmus,
560 4133 595 4194 et
624 4130 812 4216 qnamdam
841 4133 879 4200 in
902 4132 1037 4220 littoriS,
1065 4153 1202 4202 necnon
1224 4134 1262 4203 in
1285 4134 1428 4204 civitate

359 4275 547 4350 personam
565 4273 764 4357 gerentem..
