3210 5220
711 607 888 678 ..00-

267 814 388 863 amare
406 793 528 881 possit,
548 793 632 881 quin
642 792 791 869 laudet‘l
808 792 984 862 Laudatur
1002 791 1186 880 Pompeius
1206 793 1330 861 Satur·

270 935 374 1002 ninus
392 935 452 1022 qui
470 935 654 1021 orationes,
679 936 852 1022 historias,
880 956 1016 1020 versus,
1042 934 1205 1025 epistolas
1226 936 1332 1005 etiam

271 1073 553 1161 eloquentissime
582 1074 715 1162 scribit,
740 1081 868 1163 quanto
891 1079 1009 1143 autem
1041 1073 1194 1142 ardore!
1236 1098 1251 1140 a
1277 1074 1333 1142 An

271 1218 301 1284 si
342 1218 435 1285 inter
480 1238 540 1287 eos
579 1239 666 1307 quos
708 1237 902 1307 numquam
933 1216 1093 1286 videmus
1142 1215 1331 1302 floruisset,

271 1356 357 1424 non'
391 1359 504 1426 solum
552 1357 660 1427 libros
716 1361 813 1448 eJuS,
849 1360 972 1426 veriun
1020 1359 1126 1426 etiam
1164 1357 1333 1447 imagines

274 1500 585 1586 conquireremus,
633 1499 791 1587 ejusdem
849 1519 944 1567 nune
988 1499 1100 1567 honos
1143 1499 1333 1587 praesentis

269 1638 307 1698 et
342 1635 478 1722 gratia,
516 1637 616 1723 quasi
653 1635 813 1703 satietate
849 1634 1052 1723 languescet
1100 1633 1154 1723 (Ι.
1196 1631 1297 1722 to)‘t
1316 1659 1329 1699 »

271 1773 448 1842 Laudatur
478 1776 666 1862 Maximus,
699 1782 933 1864 congeruntur
956 1776 1061 1844 etiam
1090 1793 1206 1846 ratam:
1232 1796 1249 1841 a
1273 1774 1335 1842 Est

269 1935 356 2002 opus
370 1917 567 2004 pulchrum,
576 1917 740 2004 validum,
751 1916 1167 2003 acre,sublime,varium,
1178 1913 1330 2002 elegans,

272 2072 412 2138 purum,
443 2053 641 2142 liguratum,
674 2057 865 2153 spatiosum
894 2055 1011 2140 etiam,
1047 2058 1082 2121 et
1104 2072 1184 2121 oum
1210 2056 1334 2142 magna

273 2194 331 2258 tua
343 2193 445 2260 laude
465 2194 630 2263 dillusum
644 2196 715 2284 (IV.
731 2195 1009 2283 idlaiaudatur
1028 2194 1167 2263 Sentius
1186 2195 1334 2283 Auguri-

272 2354 351 2417 nus,
371 2338 471 2423 cujus
483 2339 520 2405 in
536 2339 716 2408 versiculis
733 2339 842 2408 multa
861 2339 1025 2423 tenuiter,
1045 2336 1154 2405 multa
1173 2336 1333 2406 sublimi-

272 2478 338 2555 ter,
349 2474 458 2541 multa
469 2484 644 2563 venuster,
659 2478 766 2546 multa
784 2480 918 2564 tenere,
932 2477 1041 2546 multa
1053 2476 1211 2562 dulciter,
1225 2479 1334 2545 multa

275 2627 355 2673 cum
375 2606 443 2676 bile
466 2634 480 2674 a
498 2613 565 2678 nisi
578 2614 669 2702 quod
693 2634 750 2681 me
770 2612 854 2681 lallit
878 2632 977 2681 amor
994 2613 1081 2699 ejus,
1096 2617 1154 2679 aut
1167 2611 1259 2700 quod
1278 2632 1335 2678 me

272 2743 389 2831 ipsum
401 2747 560 2817 laudibus
579 2752 692 2818 evexit
710 2750 782 2840 (IV.
804 2749 905 2836 27).»
927 2747 1103 2816 Laudatur
1125 2746 1334 2834 Calpurnius

274 2886 353 2955 Piso
370 2890 430 2975 qui
448 2890 618 2959 eruditam
639 2893 722 2959 sane
746 2890 1028 2977 luculentamque
1046 2912 1248 2978 sozomenum
1262 2910 1335 2958 ma-

275 3027 399 3094 teriam
411 3030 578 3098 recitavit.
593 3030 750 3100 Exsultat
766 3029 917 3097 Plinius:
933 3028 1072 3117 Pergat,
1086 3027 1155 3116 quai
1175 3027 1333 3114 coeperit,

276 3163 463 3252 lumenque
484 3168 575 3254 quod
595 3168 661 3236 sibi
680 3169 830 3256 majores
853 3168 908 3234 sui
936 3165 1164 3254 praetulerint,
1184 3166 1335 3252 posteris

275 3303 350 3387 ipse
383 3304 561 3390 praeferam
599 3308 636 3374 in
667 3314 816 3375 matrem
852 3307 1032 3396 optimam,
1071 3306 1108 3372 in
1137 3302 1335 3392 piissimum

274 3437 418 3505 tratrem
437 3439 608 3510 redundat
626 3443 683 3511 illa
707 3432 887 3534 elegorum
918 3443 1043 3533 gloria,
1073 3442 1206 3509 Plinius
1231 3443 1336 3509 etiam

277 3582 443 3648 Pisonum
467 3584 634 3673 imagines
654 3587 906 3674 oiniumspicit:
936 3611 950 3651 a
972 3586 1032 3674 qui
1050 3604 1143 3653 nunc
1162 3584 1250 3652 mihi
1272 3585 1337 3651 hos

274 3718 513 3789 adolescentes
525 3725 626 3793 tacite
639 3726 973 3812 laudare,enhortari
983 3724 1145 3793 videntur
1158 3723 1305 3813 (latr).
1319 3748 1333 3788 »

278 3864 453 3932 Laudatur
463 3865 596 3934 Fuscus
611 3865 791 3950 Salinator,
806 3866 966 3935 laudatur
979 3865 1169 3934 Numidius
1183 3863 1338 3945 Quadra-

278 4010 345 4086 tus,
370 4023 433 4092 par
464 4005 656 4095 egregium,
681 4006 810 4094 quippe
829 4007 889 4093 qui
908 4008 945 4074 in
964 4007 1161 4094 eloquentia
1184 4005 1337 4074 Plinium

276 4149 466 4218 imitentur.
492 4172 506 4214 a
528 4146 557 4216 Ο
577 4146 670 4215 diem
688 4147 820 4234 laetum,
834 4147 1093 4236 notandumque
1114 4147 1200 4215 mihi
1214 4145 1335 4215 candi-
