3210 5220
713 638 888 705 ..36-

267 837 349 906 nr:
403 837 438 900 at
490 837 631 917 eontra.
667 851 776 920 qpum
812 825 862 898 =in
916 829 1104 898 decursum
1153 830 1339 897 honorum

267 973 545 1046 adolescentulus
568 992 650 1041 sese
672 973 880 1062 accingeret,
901 971 937 1039 in
958 970 1191 1058 eloquentiam
1209 969 1336 1057 potiris

268 1127 374 1202 quam
410 1112 448 1178 in
489 1111 704 1199 sapientiam.
739 1109 874 1176 divertit
884 1130 898 1195 7;
948 1127 1126 1198 quumque
1172 1110 1334 1173 veterem

268 1247 487 1336 disciplinam
530 1245 608 1313 vita.
639 1244 865 1333 moribusque
912 1245 1043 1313 referre
1086 1244 1342 1347 meditaretur„
1379 1227 1382 1231 ⁴

266 1389 404 1457 nnllam.
416 1387 570 1477 profecto
588 1385 766 1454 doetrinae
776 1385 1106 1455 rationemlihenter
1120 1388 1231 1478 attigit
1245 1408 1329 1476 quae

269 1514 351 1590 eum
369 1521 539 1589 aeeeteris
551 1525 763 1608 segregaret,
785 1520 904 1588 multis
929 1522 1034 1588 etiam
1052 1526 1146 1589 esset
1167 1521 1204 1589 in
1218 1521 1341 1602 offen*

210 1747 216 1757 .
270 1660 380 1743 sione,
404 1658 519 1726 futuro
545 1657 700 1746 denique
724 1658 871 1744 consuli,
905 1657 1020 1727 futuro
1053 1659 1159 1726 etiam
1193 1660 1333 1748 auguri,

271 1807 473 1891 suspectum
492 1801 623 1870 faceret
638 1799 856 1890 publicorum
874 1800 1030 1870 Deorum
1049 1822 1193 1870 numen.

282 2066 286 2077 ‹
358 2028 477 2099 Altera
500 2029 581 2095 vero
608 2046 732 2094 eausa:
762 2026 896 2094 scilieet
917 2027 1047 2095 nimius
1071 2027 1130 2094 ille
1155 2025 1257 2095 eirena
1272 2028 1332 2095 lit-

272 2175 366 2237 teras
392 2167 490 2236 labor
514 2171 624 2234 totam
648 2166 715 2234 sibi
739 2158 926 2235 vindicavit
949 2166 1058 2234 animi
1076 2166 1334 2252 intentionem

272 2303 399 2392 quibus
418 2300 562 2389 quidem
583 2320 655 2367 non
672 2301 720 2368 ita
743 2300 862 2386 avide,
887 2321 932 2368 ne
957 2300 1071 2369 dicam
1096 2303 1216 2388 unice,
1236 2304 1335 2372 ineu·

272 2446 420 2528 buisset,
449 2444 480 2511 si
503 2442 632 2531 largior
657 2443 809 2528 animus,
834 2463 936 2511 mens
959 2441 1128 2512 excelsior
1148 2465 1157 2529 ;
1181 2444 1335 2513 hominis

271 2582 510 2672 uero-ingenio
527 2581 594 2649 hoe
620 2582 834 2650 curriculum
856 2581 1065 2667 sufficiebat,
1093 2584 1251 2670 quamvis
1269 2603 1335 2652 an-

271 2725 548 2814 gostius3rursus
556 2723 716 2791 continua
725 2722 931 2811 eloquentiae
940 2721 1176 2807 ambulatum
1185 2725 1336 2793 oiroons.

273 2830 386 2958 cripta
400 2867 438 2934 in
461 2865 784 2952 litteriS‚.omnibus
808 2865 959 2949 omissiS,
981 2867 1169 2952 eontentio,
1190 2885 1337 2936 consue-

272 3010 356 3079 tudo
375 3007 526 3095 denique
538 3007 648 3096 quasi
673 3007 711 3074 in
731 3013 892 3075 naturam
909 3027 1023 3093 versa,
1053 3029 1183 3077 vanum
1206 3009 1335 3098 aliquid

275 3153 311 3214 et
329 3144 676 3234 angustnmaingenio
695 3145 867 3214 dederunt
883 3167 891 3230 3
913 3165 955 3214 ea
968 3167 1097 3236 nempe
1116 3148 1338 3216 consuetudi·-

276 3282 330 3349 nis
348 3285 483 3362 natura,
503 3285 542 3346 ut
561 3282 601 3346 eo
630 3280 745 3348 carior
770 3282 816 3349 sit
838 3285 905 3370 quo
923 3284 1115 3386 vetustior3
1140 3284 1188 3352 ite
1205 3283 1342 3352 fectum

278 3431 331 3495 est
360 3425 487 3514 utqui
516 3425 796 3498 adolescentulus
830 3432 1054 3521 philosophos
1090 3434 1339 3524 aliquantisper

276 3561 568 3648 audierat,.idem,
586 3566 796 3652 procedente
817 3573 931 3655 aetate,
953 3576 989 3637 et
1010 3578 1190 3640 crescente
1215 3571 1347 3660 gloria,¹

276 3707 424 3795 plenius·
450 3726 592 3796 semper
631 3730 669 3778 se
704 3713 837 3780 litteris.
865 3713 1047 3783 addixerit.
1090 3715 1209 3804 Itaque
1238 3716 1346 3784 illum·

276 3849 495 3934 Ciceronem,
517 3853 617 3940 eujus
638 3853 682 3921 ad
700 3856 879 3944 exemplar
896 3877 975 3926 sese
994 3857 1176 3926 ambitiose
1193 3878 1347 3947 compo·-

196 4005 217 4039 -·
278 3985 396 4074 nebat,
409 4009 480 4056 non
492 4009 535 4056 ex
546 3990 729 4060 rhetorum
748 3992 894 4062 officinis
907 3995 971 4062 sed
989 4003 1033 4064 ert
1051 3996 1339 4086 philosophorum

279 4128 406 4196 seholis
436 4137 610 4200 oratorem
647 4136 833 4223 exstitisse,
865 4137 1021 4208 oblivisci
1049 4141 1144 4209 visus
1175 4147 1237 4229 est,
1273 4163 1339 4211 nee

279 4267 373 4339 illam
393 4270 558 4342 Tuttaniae
583 4273 700 4364 gloriae
726 4281 862 4365 partem
890 4278 1001 4369 attigit
1016 4301 1034 4364 ς.
1050 4285 1086 4348 at
1109 4281 1220 4350 levius
1239 4282 1348 4372 inge-
