3210 5220
714 659 890 726 ..75-

266 847 380 930 annis,
395 844 613 914 intervallum
632 866 639 910 :
662 844 765 914 ambo
783 847 899 934 igitur,
920 849 959 913 ut
976 849 1095 913 noster
1105 845 1165 931 ait,
1191 849 1331 912 sextum

234 1018 237 1023 ·
267 986 306 1048 et
322 979 628 1069 quadragesimum
647 978 758 1046 ferme
777 999 909 1046 annum
936 997 1055 1066 agene,
1075 983 1177 1045 aetate
1198 997 1330 1067 prope-

271 1119 415 1189 modum
432 1118 584 1207 aequales
597 1118 685 1206 (Vll.
700 1117 985 1205 corrumperes
1003 1117 1107 1194 ambo
1115 1139 1125 1202 3
1141 1138 1241 1207 aequa
1257 1117 1333 1186 ferd

272 1255 432 1346 dignitas
457 1275 557 1344 aequa
580 1255 684 1323 etiam
715 1255 833 1344 gloria.
863 1254 969 1329 Plura
988 1254 1240 1342 conjunctionis
1259 1256 1333 1322 vin·

273 1395 349 1463 cula
363 1415 370 1461 :
384 1394 577 1484 Virginium
596 1393 728 1462 Rufum
755 1394 860 1461 Plinii
882 1399 1035 1462 tutorem
1052 1393 1191 1462 Tacitus
1211 1397 1333 1464 consul

271 1534 470 1603 laudaverat
484 1532 611 1622 (itt),
634 1532 760 1601 eodem
779 1538 938 1622 tempora
958 1552 1068 1621 quum
1088 1532 1165 1600 Afri
1182 1532 1332 1602 Marium

271 1673 432 1741 Priscum
449 1672 695 1761 proconsulem
718 1677 934 1759 accusarent,
956 1671 1096 1739 Tacitus
1116 1691 1197 1740 cum
1216 1673 1328 1741 Plinio

271 1814 539 1904 provincialibus
568 1813 692 1882 adesse
718 1814 838 1902 jussus
864 1812 924 1902 (ll.
953 1812 1034 1902 ll),
1063 1813 1156 1902 apud
1181 1813 1333 1883 Plinium

272 1958 410 2027 Tacitus
450 1957 581 2026 lulium
628 1957 806 2024 Nasonem
847 1955 1069 2025 candidatum
1098 1956 1331 2043 commendat,

273 2122 498 2171 communem
529 2101 682 2169 amicum
705 2100 786 2189 (IX.
808 2098 871 2188 9),
908 2100 1104 2168 communis
1124 2100 1229 2168 etiarn
1251 2122 1333 2170 cum

272 2249 392 2317 Asinio
415 2249 505 2316 Rufo
528 2247 753 2331 familiaritas,
778 2266 884 2335 quem
903 2246 1035 2313 Plinius
1060 2246 1228 2314 Fundano
1249 2267 1333 2315 con-

274 2393 342 2460 suli
363 2391 585 2459 commendat
605 2392 677 2480 (IV.
698 2390 781 2478 15),
806 2391 1006 2459 communia
1024 2391 1129 2458 etiam
1148 2389 1276 2474 studia,
1298 2395 1336 2458 et

273 2520 438 2609 frequens
472 2520 670 2589 libellorum
701 2521 965 2606 commercium,
997 2540 1084 2608 quos
1115 2519 1204 2588 alter
1234 2517 1335 2586 alteri

276 2660 512 2731 emendandos
531 2663 635 2731 mittit
655 2662 761 2751 (VIII.
783 2662 822 2748 73
843 2662 919 2731 Vll.
939 2660 1011 2749 20).
1033 2661 1082 2729 Ea
1104 2661 1334 2746 familiaritas,

275 2808 314 2871 ut
327 2801 460 2870 Plinius
471 2802 587 2870 Tacito
608 2821 735 2869 munus
753 2802 910 2889 injungat
933 2805 1166 2889 praeceptores
1187 2799 1337 2868 Comen-

275 2939 371 3008 sibus
388 2940 691 3031 circumspiciendi
707 2937 860 3030 (illiti),
880 2942 950 3028 qna
968 2938 1111 3027 quidem
1129 2938 1165 3005 in
1185 2937 1333 3026 epistola

275 3081 433 3150 Tacitum
450 3084 488 3151 in
504 3083 740 3153 studiosorum
765 3083 930 3150 societate
953 3082 1128 3148 viventem
1147 3079 1335 3158 videmus3

275 3224 385 3293 multa
401 3246 482 3315 ergo
501 3229 638 3312 similia,
663 3228 781 3317 plures
801 3225 961 3293 amicitiae
974 3244 1088 3292 causae
1111 3245 1118 3290 :
1141 3222 1229 3290 adde
1244 3222 1337 3311 quod

275 3363 370 3454 apud
386 3365 509 3458 vulgus
528 3388 629 3457 pares
647 3372 681 3436 et
700 3367 800 3455 quasi
819 3365 933 3456 gloriae
946 3365 1086 3455 gemelli
1103 3363 1336 3460 hanchance-²,

276 3514 316 3581 ut
334 3511 364 3578 si
382 3510 458 3599 quis
478 3509 522 3577 de
545 3510 667 3579 studiis
685 3530 815 3597 sermo,
847 3507 918 3577 una
940 3507 1216 3592 nominarentur,
1238 3510 1273 3574 et
1294 3506 1337 3574 de

275 3654 391 3722 Tacito
410 3653 631 3745 loquentibus
651 3655 767 3722 statim
790 3653 922 3721 Plinius
942 3655 1123 3719 occureret
1142 3650 1231 3738 (Vll.
1263 3648 1335 3737 20).

277 3796 386 3865 Durat
398 3816 461 3887 per
471 3817 597 3865 novem
618 3797 850 3885 Epistolarum
864 3795 971 3865 libros
989 3794 1241 3864 commercium
1252 3793 1339 3863 illud

278 3936 483 4022 concordiae,
505 3936 746 4025 simplicitatis,
759 3936 841 4004 fidei
852 3936 1097 4027 plenissimum
1113 3956 1122 4021 ;
1141 3954 1209 4002 nec
1225 3933 1339 4002 ullum

277 4076 346 4144 nisi
365 4077 524 4165 quintum
549 4075 678 4145 librum
696 4077 860 4164 reperias,
886 4077 922 4143 in
941 4096 1010 4164 quo
1036 4081 1095 4144 aut
1117 4095 1188 4145 non
1206 4073 1250 4141 ad
1269 4074 1339 4143 Ta-

232 4228 236 4235 ’
277 4220 387 4287 citum
423 4217 604 4306 epistolam
639 4222 758 4284 noster
788 4215 927 4300 scribat,
958 4220 1117 4283 autnon
1147 4213 1338 4283 honorilice

278 4361 491 4431 montionem
509 4360 599 4429 illius
619 4359 731 4428 faciat.
