3210 5220
717 644 894 713 „g7..

267 841 483 925 claudamur,
503 842 608 908 etiam
627 846 762 909 tacente
783 863 855 928 me,
880 842 1050 931 perspicis
1070 842 1144 930 (ill.
1171 841 1218 930 2).
1244 864 1261 908 a
1282 845 1330 911 Ea

268 982 382 1050 acrius
401 982 565 1069 quaelibet
584 982 747 1070 arripitur
765 984 902 1051 occasio
915 984 999 1051 istas
1019 982 1183 1051 dilatandi
1201 1004 1331 1073 angus-

267 1129 344 1216 tlas,
365 1135 401 1197 et
419 1129 637 1214 Ciceronem,
657 1133 830 1217 quatenus
849 1128 974 1197 saltem
995 1129 1089 1215 lieet,
1118 1130 1326 1199 aemulandi:

268 1289 350 1359 ergo
365 1289 475 1359 quum
496 1267 710 1338 consuetudo
729 1269 765 1335 in
783 1275 907 1338 senatu
919 1270 1113 1338 restituitur
1130 1291 1194 1360 per
1217 1271 1329 1340 tabel-

267 1411 318 1479 las
338 1411 565 1502 suffragandi:
591 1436 605 1477 <t
623 1412 707 1479 Haec
726 1409 788 1479 tibi
806 1412 942 1500 scripsi,
964 1412 1088 1500 inquit,
1109 1417 1149 1480 ut
1165 1432 1329 1481 nonnun-

268 1573 373 1642 quam
408 1553 451 1621 de
479 1552 658 1644 republica
686 1554 864 1642 loquerer,
902 1554 1001 1642 cujus
1036 1556 1192 1624 materiae
1228 1555 1329 1624 uobis

141 1725 147 1738 ¹
214 1679 218 1685 ’
268 1699 394 1784 quanti)
410 1696 533 1782 rarior,
561 1696 667 1785 qudm
692 1697 883 1782 veteribus,
911 1697 1060 1783 occasi0,
1091 1700 1184 1766 tauto
1214 1698 1330 1766 minus

268 1836 458 1905 omittenda
476 1843 587 1906 est...
609 1837 768 1906 Habeant
794 1843 923 1906 nostrae
949 1858 1088 1926 quoque
1114 1839 1237 1907 litterae
1267 1841 1331 1909 ali-

269 1976 352 2063 quid
377 1997 447 2045 non
472 1977 621 2063 humile,¹
648 1998 713 2045 nec
744 1976 938 2061 sordidum,
959 1997 1026 2046 uec
1052 1980 1194 2066 privatis
1225 1979 1331 2049 rebus

268 2119 443 2187 inclusum
464 2118 541 2208 (Ill.
554 2116 626 2206 20).
645 2141 660 2183 »

355 2315 430 2382 Hoc
453 2312 544 2381 vero'
560 2315 773 2404 praecipuum
796 2314 839 2392 ad
851 2315 1013 2403 epistolas
1032 2317 1326 2386 incitamentum:

267 2454 400 2523 homini
418 2455 535 2545 gloriae
556 2452 795 2542 cupidissimo,
811 2459 846 2522 et
859 2455 921 2542 qui
934 2454 977 2522 de
994 2462 1108 2525 semet
1130 2457 1206 2544 ipso
1225 2457 1339 2525 verba·

269 2595 499 2663 libentissime
517 2594 611 2680 facit,
638 2594 813 2663 arridebat
827 2595 885 2663 illa
903 2596 983 2664 data
1007 2598 1246 2685 opportunitas
1263 2598 1333 2684 qua

270 2741 313 2809 de
332 2761 370 2808 se
397 2738 595 2808 excusatius
613 2736 832 2825 loqueretur;
858 2740 943 2808 dum
972 2739 1084 2807 amico
1118 2738 1333 2808 familiariter

269 2879 424 2946 scribere
446 2880 594 2961 videtur,
619 2879 729 2946 facilis
747 2878 890 2967 stropha
914 2879 983 2966 qua
1008 2878 1053 2945 ad
1081 2897 1120 2946 se
1149 2877 1333 2966 studiaque

269 3042 334 3089 sua
355 3021 488 3108 redeat,
517 3027 553 3089 et
576 3023 687 3090 multa
709 3022 753 3089 de
773 3041 811 3088 se
830 3021 867 3087 in
884 3021 1065 3108 publicum
1083 3021 1236 3110 proferat
1253 3041 1334 3109 quae

270 3181 341 3229 noa
363 3160 428 3228 alio
453 3160 558 3229 modo
578 3161 736 3250 prolerre
774 3160 895 3249 possit.
940 3159 1044 3227 Nulla
1072 3159 1146 3228 fere
1189 3161 1335 3249 epistola

268 3303 306 3368 in
329 3305 399 3390 qua
415 3303 471 3370 vel
490 3302 707 3392 simpliciter,
734 3301 789 3369 vel
817 3300 970 3389 oblique,
993 3304 1052 3367 aut
1071 3320 1148 3369 sese
1168 3301 1244 3388 ipse
1262 3323 1335 3370 non

269 3442 399 3529 laudet,
419 3450 480 3512 aut
504 3443 569 3512 sub
589 3443 705 3532 specie
733 3441 983 3529 respondendi,
1000 3448 1161 3530 acceptas
1181 3441 1225 3510 ab
1243 3443 1333 3512 ami-

270 3585 319 3651 cis
351 3584 473 3653 laudes
501 3586 666 3675 publicet.
700 3585 782 3652 Mox
812 3585 931 3670 etiam,
961 3604 1071 3672 quum
1098 3585 1334 3673 principatum

270 3727 458 3813 quemdam
485 3729 577 3796 inter
610 3727 784 3797 studiosos
816 3725 1000 3814 affectavit,
1043 3727 1198 3817 epistolae
1234 3727 1335 3815 quasi

267 3867 526 3953 paratissimum
544 3865 685 3935 fuerunt
699 3865 913 3953 principatus
932 3865 1220 3933 instrumentum.

358 4062 483 4151 Magna
500 4062 604 4147 illius,
625 4061 781 4150 quolibet
817 4062 854 4129 in
883 4067 1042 4152 tempore
1067 4061 1177 4151 gratia
1196 4066 1231 4129 et
1250 4082 1334 4130 auc-

269 4201 400 4286 toritas,
411 4201 470 4288 qui
483 4200 526 4266 ad
543 4199 774 4289 plurimorum
792 4221 894 4268 aures
912 4199 1044 4268 aditum
1060 4198 1177 4283 habet,
1191 4199 1334 4287 quinon

270 4346 373 4414 modo
403 4349 478 4438 ipso
509 4351 626 4420 laudat
653 4357 712 4420 aut
736 4350 974 4440 reprehendit,
996 4347 1059 4418 sed
1075 4348 1253 4438 propriam
1272 4349 1333 4416 ho-
