3210 5220
694 651 870 724 44..

265 855 312 925 sit
339 856 619 923 honestamento:
659 853 746 921 adde
780 855 875 933 illam
904 857 1092 924 vanitatem
1122 855 1331 926 laudationis

265 994 514 1066 avidissimam.
541 993 632 1075 Quid
658 995 763 1084 igitur
778 996 828 1064 illi
850 996 997 1084 luciflua,
1027 996 1112 1084 quid
1125 998 1331 1086 jucundius,

266 1136 373 1226 quim
390 1135 559 1224 plurimos
578 1135 814 1203 studiosorum
831 1135 874 1204 ad
892 1156 931 1203 se
950 1157 1141 1222 arcessere,
1162 1137 1335 1207 allicere‘l

267 1274 487 1363 Quicumque
523 1273 628 1362 igitur
662 1272 805 1357 eruditi,
846 1274 922 1362 pari
956 1274 1162 1362 ambitione,
1202 1277 1334 1365 impari

268 1417 421 1508 ingenia,
451 1415 620 1501 scribunt,
658 1417 695 1483 in
731 1414 834 1483 Plinii
872 1417 1059 1487 amicitiam
1093 1425 1261 1510 tanquam
1298 1423 1335 1488 in

271 1575 458 1624 commune
471 1555 647 1646 quoddam
665 1555 853 1649 hospitium
871 1559 1093 1644 conveniunt,
1108 1560 1169 1628 uhi
1188 1560 1245 1628 alii
1259 1561 1335 1630 aliis

271 1696 515 1780 ostenduntur,
534 1694 597 1764 ubi
615 1701 775 1783 paratum
794 1697 975 1768 inveniunt
986 1718 1156 1787 amorem,
1167 1706 1202 1768 et
1214 1702 1337 1768 cohor·

270 1836 450 1922 tationem,
474 1841 509 1904 et
539 1835 725 1921 auditores,
762 1842 797 1905 et
821 1837 1160 1906 commendationem
1194 1861 1337 1930 semper

271 1975 447 2064 operibus²
485 1975 668 2065 aliquando
703 1977 808 2046 etiarn
845 1978 1002 2065 dignitati
1038 1978 1153 2046 utiles.
1194 1978 1338 2048 Gaudet
1380 1951 1382 1954 Ι

270 2124 402 2206 noster,
421 2124 457 2188 et
485 2120 639 2206 consilia,
665 2127 700 2190 et
730 2121 865 2206 laudes,
899 2126 934 2188 et
966 2141 1004 2190 se
1032 2126 1144 2191 totum
1175 2123 1338 2192 omnibus

257 2258 435 2350 largitur,
455 2267 490 2329 et
507 2261 599 2328 inter
615 2259 759 2328 clientes
776 2259 977 2350 diligentem
996 2262 1065 2348 agit
1077 2266 1276 2350 patronum.

364 2487 450 2568 Quis
468 2489 573 2558 fuerit
602 2488 659 2558 ille
686 2490 789 2559 Plinii
814 2491 1051 2579 principatus:
1088 2510 1198 2579 quove
1223 2492 1339 2560 animo

258 2625 447 2716 ‚quibusve
460 2629 592 2699 artibus
604 2636 845 2716 exerceretur;
874 2650 943 2718 quo
960 2630 1111 2718 denique
1136 2630 1241 2699 modo
1264 2631 1340 2700 fac-

276 2771 354 2836 tum
376 2769 421 2838 sit
445 2776 483 2839 ut
508 2771 697 2839 retinendae
721 2771 813 2839 illius
842 2771 1054 2839 auctoritatis
1085 2791 1184 2839 arnor
1210 2771 1340 2860 aliqua-

276 2904 379 2973 tenus
413 2904 525 2973 studia
560 2905 662 2974 Plinii
693 2912 728 2974 et
762 2904 914 2973 indolem
949 2905 1196 2989 immutaverit,
1235 2926 1339 2975 nunc

278 3040 472 3110 videamus

372 3265 447 3332 Hoc
470 3269 551 3334 vero
576 3271 656 3334 ante
681 3267 810 3352 omnia,
839 3271 959 3355 utpote
983 3267 1020 3333 in
1050 3266 1196 3334 oratoris
1228 3266 1342 3333 nostri

282 3402 545 3491 intelligentiam
575 3402 831 3493 grauissimum,
865 3403 990 3472 clarius
1022 3402 1187 3471 illustrari
1213 3408 1248 3471 et
1276 3423 1342 3491 pe-

283 3546 376 3614 nitus
408 3546 558 3635 perspici
585 3545 708 3614 velim:
741 3546 873 3614 scilicet
903 3565 1025 3633 parem
1057 3544 1149 3632 apud
1177 3544 1275 3612 illum
1309 3553 1343 3612 et

284 3688 378 3756 circa
405 3687 526 3756 laudes
554 3689 740 3757 merendus
774 3693 809 3756 et
837 3689 931 3755 circa
956 3687 1143 3756 merendas
1171 3686 1342 3755 amicitias

284 3830 528 3899 ambitionem:
558 3831 813 3919 optatissimum
840 3830 890 3897 illi
919 3834 1038 3897 votum
1069 3827 1179 3896 atah
1213 3828 1341 3896 iisdem

284 3976 320 4040 et
340 3971 541 4041 laudaretur
569 3977 604 4040 et
632 3971 847 4061 diligeretur,
879 3976 914 4038 et
943 3971 980 4039 in
1004 3972 1151 4056 utraque
1191 3989 1229 4036 re
1267 3968 1343 4056 pari
1395 4010 1398 4015 -

282 4111 396 4180 studio
415 4117 489 4181 tum
508 4109 800 4197 adolescentulus,
822 4115 898 4179 tum
921 4111 985 4195 vir,
1014 4109 1214 4178 elaboravit.
1240 4076 1342 4177 Unde

281 4256 385 4324 ctiam
422 4253 479 4324 illu
515 4254 552 4323 iu
586 4253 772 4344 judicando
813 4253 955 4322 homine
992 4252 1189 4337 difficultas,
1230 4270 1343 4338 quum
