3210 5220
715 686 891 755 ..43-

267 881 401 962 Quibus
426 888 546 950 contra
576 881 719 950 sordent
749 881 1069 971 philosophantium
1100 879 1265 969 superbia
1296 885 1330 948 et

266 1015 503 1102 supercilium,
524 1035 605 1083 eum
628 1015 884 1103 amplectuntur
909 1012 1089 1083 hominem
1115 1012 1331 1102 jucundissi-

267 1176 389 1241 mum,
422 1163 458 1225 et
486 1156 644 1245 quamvis
672 1157 765 1224 inter
794 1175 916 1224 omnes
947 1155 1132 1245 optimum,
1166 1154 1330 1223 omnibus

267 1304 384 1368 tamen
406 1298 578 1384 similem3
606 1300 704 1388 cujus
725 1297 868 1387 quidem
899 1303 934 1366 et
951 1297 1047 1366 lrons
1081 1302 1117 1366 et
1151 1297 1331 1386 opiniones

267 1439 393 1529 populo
405 1441 621 1525 conveniant,
642 1461 755 1529 neque
775 1462 813 1509 se
827 1462 847 1510 a
860 1441 961 1510 turbat
978 1460 1163 1529 segregare
1181 1439 1328 1508 videan-

266 1589 335 1651 tur.
349 1580 570 1671 Quicumque
582 1582 752 1650 tristiores
774 1582 939 1650 humanis
964 1580 1198 1669 Romanisque
1222 1581 1329 1650 rebus

268 1719 447 1806 diffidunt,
466 1720 677 1809 quicumque
694 1720 886 1788 constantia
903 1718 1078 1808 quondam
1097 1719 1185 1786 iram
1205 1720 1327 1788 Domi-

267 1862 351 1930 tiani
368 1862 484 1929 meriti
496 1867 590 1946 sunt,
608 1863 774 1947 necdum,
796 1861 942 1949 Trajano
969 1869 1148 1950 regnante,
1177 1880 1217 1928 se
1237 1865 1327 1929 totos

269 2003 369 2090 quasi
397 2003 579 2086 remisere,
608 2001 691 2070 huic
721 2022 843 2070 omnes
869 2003 991 2091 juveni
1021 2002 1221 2091 indulgent,
1248 2003 1332 2071 olim

268 2143 504 2232 periculorum
519 2145 625 2231 socio,
645 2145 741 2212 omni
759 2143 901 2233 quidem
913 2150 1085 2233 tempore,
1105 2143 1274 2212 fidissimo
1293 2145 1334 2213 in

269 2288 430 2372 amicitia,
446 2286 628 2376 aliquando
648 2288 752 2356 etiam
772 2287 1064 2355 constantissimo.
1092 2285 1192 2355 Idem
1217 2288 1333 2355 omni-

271 2430 336 2499 bus
354 2429 619 2517 acceptissimus
639 2429 754 2517 quiin
773 2428 968 2497 arctissima
986 2427 1128 2497 Caesaris
1154 2428 1333 2497 familiari·
1397 2468 1400 2479 ν

269 2569 488 2653 tatevivunt3
509 2568 592 2657 quid
608 2568 1010 2656 Caesar‘lbenignissirne
1031 2567 1080 2636 illi
1102 2569 1263 2653 honesto,
1284 2567 1334 2635 illi

270 2709 424 2778 studioso
447 2709 551 2795 lavet,
577 2712 637 2800 qui
660 2709 870 2778 docilitatem
892 2709 1088 2795 honestate,
1116 2711 1330 2799 ingenuitate

271 2849 484 2920 laudationes
503 2854 737 2921 commendat.
755 2853 809 2923 Ad
821 2853 900 2938 hoc,
915 2853 1047 2940 antiqui
1060 2873 1188 2937 mores,
1214 2857 1250 2919 et
1275 2851 1335 2939 qui

271 2990 449 3059 seniorum
460 2993 598 3080 optimis
611 2993 781 3081 placeant3
796 2990 979 3058 amoenitas
992 3010 1130 3079 quoque
1144 2996 1178 3057 et
1189 2989 1335 3056 honesta

271 3139 428 3227 quaedam
441 3139 584 3207 ludendi
595 3140 746 3225 lascivia,
762 3158 837 3228 quae
847 3137 1002 3226 juniores
1015 3138 1146 3205 invitat.
1163 3136 1333 3206 Diversis·

273 3281 352 3348 simi
366 3301 447 3369 ergo
460 3282 497 3348 in
515 3282 605 3350 hano
628 3280 770 3349 domum
790 3279 989 3364 convenire,
1010 3279 1072 3347 ubi
1095 3300 1218 3348 omnes
1241 3282 1336 3349 inve·

272 3422 373 3490 niunt
401 3420 494 3510 quod
522 3420 683 3490 arrideat.
713 3419 815 3502 Quod
845 3419 876 3487 si
906 3419 1121 3507 gravioribus
1146 3421 1268 3489 amicis
1298 3422 1335 3490 in

160 3550 179 3578 '⁵
275 3564 484 3653 quibusdam
510 3565 644 3651 levior,
670 3565 707 3632 in
730 3563 806 3632 aliis
835 3562 964 3630 nimius
993 3562 1169 3650 videatur,
1196 3563 1227 3630 si
1253 3582 1336 3631 eum

272 3704 466 3794 Euphrates
479 3705 656 3792 sapientiae
668 3703 895 3773 curiosiorem
907 3701 1001 3786 velit,
1020 3702 1051 3770 si
1062 3702 1201 3770 Tacitus
1218 3701 1336 3770 minus

265 3850 318 3933 ‚de
335 3850 442 3918 rebus
461 3849 609 3938 publicis
628 3869 805 3934 securum,
832 3849 862 3916 si
882 3848 1058 3916 Mauricus
1078 3846 1189 3937 paulo
1203 3847 1241 3915 in
1259 3845 1337 3915 lau-

274 3992 388 4060 dando
405 3990 539 4060 Caesare
552 3992 759 4080 parciorem,
781 3991 812 4058 si
831 3990 931 4059 multi
947 3990 1064 4057 mimis
1084 3989 1121 4056 in
1147 3988 1202 4056 sui
1220 3988 1339 4056 vendi-

274 4132 402 4219 tatione
415 4133 654 4218 immodicum,
677 4133 755 4221 quis
773 4138 892 4200 tamen
918 4130 1030 4199 acrius
1049 4129 1178 4223 optimo
1204 4128 1339 4196 homini

273 4277 442 4363 invidere,
463 4285 498 4346 et
520 4279 556 4346 in
575 4278 632 4347 illo
651 4275 950 4366 comprobantium
977 4280 1159 4360 concentu,
1180 4273 1338 4342 severior

274 4417 395 4488 haberi
415 4419 527 4488 velit‘?
