3210 5220
728 657 904 724 ,pp-

377 846 491 923 Facile
506 872 600 922 nunc
618 851 763 943 intelligi
778 859 894 943 potest
920 858 1085 941 quantam
1102 873 1168 941 per
1186 852 1353 941 epistolas

208 966 227 978 ’
289 989 530 1058 auctoritatem
573 988 707 1058 Plinius
744 989 812 1058 sibi
841 990 1111 1078 comparaverit:
1146 988 1272 1058 colitur
1301 991 1355 1058 vir

287 1131 567 1217 amoenissimus3
586 1131 747 1200 laudatur
765 1133 825 1220 qui
850 1137 885 1200 et
899 1131 1151 1221 benignissime
1169 1131 1300 1216 laudat,
1320 1137 1356 1200 et
1446 1153 1451 1161 ·

288 1270 635 1358 amicorumfamam,
655 1270 840 1359 publicatis
856 1268 1027 1358 epistolis,
1047 1268 1213 1358 publicat.
1236 1269 1355 1339 Gloria

288 1413 355 1493 est,
369 1409 401 1476 si
419 1409 497 1496 quis
515 1407 560 1476 ah
573 1407 631 1475 illo
646 1408 846 1476 nominetur
861 1428 870 1492 3
885 1427 952 1476 nec
968 1409 1152 1495 quisquam
1174 1405 1353 1475 ardentius

285 1543 320 1610 in
337 1542 516 1612 auditoriis
538 1548 777 1632 exspectatum
805 1543 912 1633 gloria
937 1543 1055 1629 etiam,
1075 1543 1106 1610 si
1123 1543 1202 1631 quis
1220 1543 1351 1630 episto·

284 1679 354 1748 lam
384 1680 572 1767 acceperit,
605 1700 711 1769 quam
741 1679 926 1748 ostendere
950 1681 1073 1769 possit,
1106 1679 1349 1765 circumferre,

223 1792 225 1796 ι
283 1840 394 1909 seque
439 1823 570 1909 jactare
609 1821 846 1889 studiosorum
885 1821 1036 1909 principi
1082 1820 1347 1889 amicissimum.

284 1959 407 2050 Neque
435 1962 635 2031 mirandum
666 1962 760 2051 quod
779 1963 808 2029 is
829 1963 874 2029 sit
892 1961 1101 2050 plerumque
1123 1959 1349 2049 epistolarum

284 2098 390 2187 color,
416 2105 456 2173 ut
478 2101 637 2188 quamvis
667 2102 705 2168 in
734 2102 870 2168 summa
892 2099 1103 2182 amoenitate,
1131 2098 1266 2167 Plinius
1286 2099 1349 2167 ali·

284 2243 490 2332 quantulum
503 2250 689 2332 patronum
707 2263 810 2331 agere
829 2242 997 2311 videatur.

370 2457 407 2524 Si
437 2457 542 2524 etiam
573 2457 797 2545 epistolarum
811 2457 919 2526 libros
944 2477 1168 2546 percenseas,
1192 2479 1345 2547 quorum

280 2586 416 2676 primus
448 2604 539 2653 anno
571 2583 673 2653 96-97
705 2585 820 2654 editus
850 2586 1001 2671 videtur,
1025 2591 1227 2675 postremus
1256 2608 1348 2656 anno

214 2712 216 2716 ⁸
280 2724 396 2812 108-9,
415 2727 483 2795 hoc
501 2726 664 2796 iacillime
696 2727 973 2795 animadvertere
997 2728 1128 2815 possis:
1155 2727 1193 2794 in
1222 2729 1347 2816 primis

280 2869 470 2938 multorum
495 2868 659 2936 clientem
685 2867 794 2935 luisse
824 2866 995 2951 Plinium;
1032 2868 1070 2935 in
1094 2866 1226 2936 ultimis
1258 2869 1348 2938 mul-

279 3012 396 3075 torum
414 3013 619 3096 patronum3
642 3007 771 3096 duplex
799 3026 920 3074 causa:
950 3008 1033 3074 hinc
1058 3013 1141 3075 aetas
1160 3009 1279 3093 crevit,
1301 3009 1345 3076 il·

278 3148 349 3216 linc
367 3149 564 3217 auctoritas.
588 3147 688 3216 Multi
705 3149 802 3216 enim
824 3148 867 3215 de
888 3141 1016 3236 quibus
1036 3150 1074 3216 in
1101 3150 1224 3238 primis
1246 3149 1348 3218 libris

278 3295 403 3381 agitur,
423 3301 535 3363 morte
555 3295 751 3383 absumpti3
779 3295 941 3363 abierunt
970 3297 1072 3365 multi
1095 3299 1217 3386 optimi
1241 3318 1345 3366 senes

278 3454 430 3523 quorum
463 3436 632 3524 exemplis
668 3437 875 3506 informatus
912 3445 966 3506 est
1004 3439 1151 3524 Plinius,
1193 3458 1345 3526 quorum
1409 3403 1413 3411 .

278 3577 429 3644 amicitia
456 3581 641 3665 provectus
673 3582 743 3646 est.
778 3578 939 3647 Subeunt
962 3579 1063 3648 multi
1091 3581 1129 3648 in
1154 3581 1345 3648 amicitiam

277 3720 371 3803 novi,
395 3719 552 3805 Juuiores
580 3719 737 3807 quidem,
765 3726 800 3789 et
819 3722 880 3810 qui
904 3721 1028 3790 eadem
1051 3724 1248 3790 reverentia
1275 3722 1345 3790 Pli-

276 3861 376 3930 nium
395 3861 653 3950 amplectuutur
675 3865 744 3951 quei
761 3865 839 3952 ipse
857 3870 1021 3952 patronos
1046 3865 1229 3954 amplexus
1254 3870 1341 3934 erat.

278 4000 493 4088 Perpetuum
531 4022 611 4070 cum
638 4003 831 4090 aequalibus
858 4007 1136 4092 commercium3
1164 4005 1257 4094 apud
1282 4026 1343 4074 eos

276 4140 370 4223 vero,
403 4140 434 4206 si
465 4140 624 4222 Tacitum
646 4141 810 4229 excipias,
843 4139 954 4230 magis
995 4145 1173 4232 magisque
1208 4143 1343 4212 Plinius

275 4277 471 4368 hortatoris,
493 4282 685 4366 monitoris,
714 4281 850 4370 patroni
877 4301 1065 4370 personam
1085 4283 1245 4372 suscipit:
1269 4283 1341 4351 fre·
