3210 5220
727 661 903 729 ..85-

279 859 446 947 epistolae,
467 858 503 925 in
522 857 756 927 novumhunc
768 878 871 926 usum
887 857 1080 927 detorserat
1100 861 1338 931 studiosorum

278 997 470 1084 curiositas,
494 1017 573 1086 quae
601 996 688 1064 nihil
715 997 892 1065 omitteret
924 995 984 1064 ubi
1011 996 1109 1066 locus
1136 999 1343 1088 eloquentia

274 1137 498 1206 ostentationi
522 1157 600 1205 esse
627 1140 757 1226 posset.
779 1136 949 1225 Epistulas
974 1141 1010 1205 et
1027 1137 1149 1206 scribit
1167 1138 1343 1208 Voconius

278 1281 471 1363 Romanus,
491 1283 531 1347 ut
549 1275 661 1347 Musas
689 1278 783 1366 ipsas
805 1279 909 1346 latine
936 1279 1031 1369 loqui
1049 1280 1170 1350 credas
1188 1281 1248 1371 (ΙΙ.
1261 1280 1339 1369 l3);

275 1425 312 1487 et
351 1419 503 1487 ostendit
541 1418 581 1486 P.
610 1416 815 1486 Saturninus
849 1439 936 1506 quas
980 1421 1097 1489 uxoris
1121 1441 1201 1489 esse
1231 1422 1337 1491 dicit:

277 1579 294 1621 o
320 1556 482 1626 Plautum
504 1555 559 1624 vel
579 1555 782 1624 Terentium
801 1561 914 1624 metro
942 1556 1094 1626 solutum
1117 1558 1187 1648 legi
1215 1558 1337 1626 credas

275 1688 318 1777 (l.
334 1686 440 1775 16).»
481 1687 561 1776 lpse
582 1687 715 1756 Plinius
750 1687 786 1754 in
815 1688 856 1754 ed
879 1687 1025 1775 epistola
1057 1707 1137 1776 quae
1170 1694 1336 1777 tanquam

274 1832 429 1920 praefatio
459 1832 621 1921 qondam
640 1831 775 1900 caeteris
799 1830 1032 1921 praemittitur,
1068 1851 1140 1898 non
1175 1851 1251 1899 rem
1300 1805 1344 1900 ut

274 1990 400 2038 novam
425 1976 596 2056 excusat,
623 1969 675 2037 vir
699 1975 819 2038 tamen
847 1970 884 2036 in
918 1968 1137 2058 publicandis
1170 1971 1336 2060 operibus

271 2113 558 2203 praeoccupanda
572 2114 689 2201 gratia
704 2112 982 2196 curiosissimus;
998 2112 1057 2201 qui
1074 2133 1145 2181 non
1164 2114 1335 2182 orationes

271 2252 369 2339 prius
387 2253 533 2346 recitare
553 2251 709 2340 caeperit,
730 2251 836 2339 quiam
855 2250 993 2318 veniam
1007 2251 1149 2319 novitati
1162 2271 1335 2342 praepara-

272 2392 390 2460 visset.
416 2415 430 2458 r
451 2393 664 2481 Frequenter
691 2392 848 2460 hortatus
873 2411 922 2478 es,
944 2392 1068 2481 iuquit,
1094 2398 1135 2462 ut
1155 2394 1331 2483 epistolas,

266 2531 303 2596 si
328 2549 417 2617 quas
441 2530 642 2597 occuratids
672 2529 899 2616 scripsissem,
937 2528 1137 2617 colligerem
1173 2527 1333 2617 publica-

270 2690 417 2759 remquc
449 2669 491 2758 (I.
523 2667 609 2753 ll.»
645 2668 723 2758 Ipse
757 2690 839 2758 orgo
867 2668 1052 2737 confitetur
1079 2690 1150 2738 non
1173 2670 1236 2738 has
1255 2692 1334 2739 esse

270 2812 461 2901 negotiales
484 2811 715 2879 familiaresvc
739 2812 884 2896 littorea,
904 2830 983 2899 quae
1007 2831 1117 2879 uuum
1155 2810 1335 2880 dumtaxat

271 2960 440 3039 spectant,
465 2974 613 3042 quarum
646 2958 759 3021 totum
772 2952 839 3020 hoc
857 2951 1040 3020 consilium
1061 2957 1126 3034 cst,
1147 2958 1186 3020 ut
1204 2952 1333 3041 aliquid

270 3099 329 3162 aut
346 3095 517 3184 ignoranti
534 3098 725 3182 nuntietur,
746 3102 803 3165 aut
815 3096 1070 3184 respondeatur
1089 3097 1329 3186 intorroganti.

270 3227 360 3315 Ipsae
409 3228 562 3316 alioquin
607 3228 762 3316 epistolae
799 3227 953 3295 cruditas
990 3247 1028 3294 se
1057 3226 1264 3314 profitentur
1298 3237 1334 3299 ct
1365 3238 1369 3248 ⁴

269 3369 416 3457 scriptas
434 3390 513 3437 esse
536 3375 574 3438 ut
591 3369 634 3438 ab
653 3369 814 3439 omnibus
839 3370 908 3457 legi
924 3373 958 3436 ct
971 3366 1157 3458 approbari
1173 3377 1329 3458 possent.

271 3514 387 3596 Quum
407 3518 501 3584 enim
517 3518 649 3586 amicus
668 3519 780 3585 amico
810 3516 1026 3585 familiariter
1053 3517 1184 3602 scribit,
1221 3520 1332 3589 multa

269 3662 400 3730 cursim
438 3669 473 3730 ct
514 3661 625 3730 obiter
655 3661 861 3746 indicantur,
901 3680 978 3749 quae
1011 3658 1153 3748 quidem
1191 3662 1330 3749 utrique
1429 3703 1433 3713 ·

183 3863 224 3873 .„
265 3798 1330 3890 perspicua,obscurissimaliunt,siquisadlegendumextrin-

269 3960 371 4008 secus
392 3940 589 4009 accesserit.
603 3939 688 4008 Inde
700 3938 870 4008 titutillas
888 3939 990 4008 Tullii
1008 3939 1171 4029 epistolas
1191 3942 1329 4026 nonnisi

268 4079 457 4148 multarum
475 4100 594 4148 rerum
613 4081 869 4168 comparatione
893 4085 928 4147 et
951 4078 1160 4146 doctissimis
1180 4088 1328 4148 annota-

265 4221 420 4291 tionibus
449 4223 567 4312 adjuti,
607 4229 643 4292 ct
680 4223 832 4292 adhibiti
867 4224 971 4292 ctiam
1003 4223 1203 4320 conjectura
1226 4223 1328 4311 plane
