3210 5220
658 649 831 719 ..41-

307 851 358 919 De
388 850 603 941 Hipponensi
627 853 789 942 delphino
822 854 1276 939 miracula·na1rat,mate·

220 994 376 1084 riamque
405 1015 525 1063 reram
554 996 728 1084 appellat,
760 997 918 1085 quamvis
949 995 1148 1065 simillinam
1187 996 1278 1065 fictae

219 1137 292 1224 (IX.
307 1135 377 1224 33).
397 1135 483 1218 Quis
497 1138 592 1206 enim
606 1137 752 1212 dubitet,
767 1158 876 1227 quum
896 1144 968 1207 tam
985 1137 1136 1229 benigna
1155 1136 1280 1207 ollem·

218 1281 275 1344 tur
284 1281 396 1366 poeta
408 1277 595 1345 materies‘l
609 1277 769 1367 Magnam
783 1278 889 1345 etiam
901 1276 983 1344 dicit
995 1276 1144 1344 auctoris
1157 1274 1277 1360 fidem,

219 1415 275 1483 cui
291 1414 383 1484 bene
399 1415 454 1483 vel
471 1415 651 1485 historiam
670 1417 865 1506 scripturus
883 1416 1008 1505 aliquis
1029 1415 1229 1484 crediderit.

306 1616 436 1685 Eadem
463 1617 500 1683 in
527 1615 634 1684 rebus
665 1617 813 1704 publicis
846 1616 889 1685 ad
920 1615 1159 1685 credulitatem
1188 1613 1280 1683 fidu·

218 1759 377 1847 clamque
400 1758 568 1826 facilitas:
600 1759 712 1825 eversi
745 1778 874 1842 morea,
902 1759 1060 1826 militaris
1089 1757 1280 1846 disciplinae

216 1898 329 1981 ruina,
349 1895 526 1986 principes
543 1896 692 1963 militum
706 1895 849 1964 libidine
862 1896 983 1981 creati,
998 1901 1034 1962 et
1046 1915 1090 1962 ex
1109 1885 1281 1963 castrensi

216 2038 369 2108 tumultu
387 2036 431 2106 ad
447 2035 541 2105 orbis
559 2011 717 2125 regimen
742 2035 1018 2127 progredientes,
1039 2035 1196 2123 precaria
1214 2034 1280 2103 de-

218 2181 325 2270 nique
341 2181 523 2266 securitas,
548 2200 664 2267 neque
688 2160 970 2268 tranquillitatem
995 2179 1190 2265 sollicitant,
1216 2200 1281 2247 ne-

219 2343 287 2412 que
306 2323 580 2415 indignationem
608 2330 840 2391 commovent..
876 2323 1112 2392 Domitianum
1137 2309 1281 2412 quidem

220 2448 447 2547 exsecratum
485 2463 562 2550 quis
592 2468 723 2545 autem,
752 2462 898 2552 Trojano
929 2464 1098 2552 principe,
1132 2463 1282 2535 alterum

221 2607 456 2675 Domitianum
471 2605 671 2674 ominetur‘l
689 2606 858 2674 Prmsenti
871 2627 952 2696 ergo
965 2607 1090 2675 fruitur
1105 2605 1280 2692 felicitate,

220 2767 299 2834 quae
319 2746 429 2814 otium
450 2750 486 2812 et
503 2743 705 2832 dignitatem
731 2743 894 2812 studiosis
913 2744 1135 2829 commodat,
1167 2743 1283 2811 lutura

219 2906 335 2976 neque
352 2887 529 2984 prospicit,
550 2905 665 2978 neque
684 2884 904 2969 reformidat,
922 2883 1076 2972 dumque
1102 2903 1282 2950 summum

187 3019 190 3025 ’
220 3045 342 3093 rerum
366 3022 489 3125 florem
519 3024 619 3112 quasi
646 3023 816 3113 decerpit,
843 3023 1043 3090 tristissima
1074 3041 1219 3116 quaque
1249 3026 1284 3089 et

218 3167 441 3270 indignanda,
462 3171 627 3255 tanquam
645 3167 783 3254 gravius
809 3164 986 3255 quoddam
1013 3184 1113 3251 onuS,
1141 3164 1280 3234 omittit.

217 3312 375 3390 Libertas
400 3310 540 3398 sufficit,
568 3312 691 3403 optimi
715 3310 882 3400 principis
907 3308 1120 3399 benignitate
1146 3308 1284 3398 dispen-

217 3462 309 3543 sata,
325 3454 454 3524 sufficit
472 3455 580 3544 quod,
603 3454 734 3523 salubri
753 3454 905 3543 quodam
927 3458 1220 3541 temperamento,
1241 3453 1285 3531 ad

219 3594 312 3663 cives
338 3594 434 3663 velut
458 3593 523 3661 rivi
550 3612 594 3660 ex
623 3592 682 3660 illo
702 3591 953 3683 benignissimo
972 3590 1068 3659 fonte
1099 3590 1285 3659 decurrant

220 3743 297 3831 (III,
317 3742 390 3832 20).
404 3742 513 3812 iubes
531 3763 610 3810 esse
629 3742 772 3827 liberoS,
792 3741 918 3830 inquit,
945 3741 1076 3808 erimus
1098 3738 1281 3829 (panegyr.

217 3885 343 3973 oblat
361 3905 430 3975 qua
443 3885 487 3953 de
500 3884 606 3953 rebus
619 3884 768 3973 publicis
786 3885 922 3972 gravior
951 3902 1034 3951 cura
1052 3888 1112 3950 aut
1130 3881 1285 3969 indigna

218 4024 278 4109 tio,
297 4029 500 4112 promptum
516 4022 624 4091 illud:
644 4035 710 4091 ἀλλὰ
738 4043 815 4091 ταῦτα
838 4043 888 4090 :ov
914 4037 974 4108 ὑπὲρ
997 4039 1061 4109 qia
1084 4036 1156 4109 amq
1181 4037 1282 4108 μελήσει

220 4165 292 4253 (ΙΙΙ.
308 4163 376 4254 25).
397 4166 524 4234 Vetera
543 4164 687 4253 quidem
705 4161 907 4251 comprobat
922 4160 1068 4246 Plinius,
1102 4180 1211 4248 seque
1241 4159 1285 4227 ad

96 4319 100 4328 '
220 4311 398 4400 antiquam
417 4311 636 4401 disciplinam
661 4311 863 4398 componit,
883 4308 1065 4396 prasentia
1077 4311 1157 4376 verb
1170 4305 1286 4377 nullus
