3210 5220
711 675 887 744 ..56-

265 890 323 938 res
341 869 389 937 illi
413 888 483 938 nan
520 867 734 936 consuetudo
763 871 911 953 tantum,
932 867 995 935 sed
1013 873 1179 956 tanquam
1201 887 1328 936 norma

266 1012 446 1100 quadarn:
472 1035 486 1077 a
507 1011 585 1079 Sive
604 1010 696 1099 plus,
719 1011 790 1077 sive
809 1011 938 1095 minim,
958 1010 1031 1078 sive
1052 1011 1147 1078 idem
1169 1017 1329 1098 praestas

266 1145 368 1214 lauda
397 1146 452 1214 vel
487 1144 699 1231 inferiorem,
736 1145 792 1213 vel
827 1145 1059 1232 superiorem,
1093 1145 1148 1213 vel
1175 1165 1327 1231 parem:

269 1288 496 1373 superiorem,
511 1287 593 1374 quia
611 1287 679 1353 nisi
688 1284 882 1353 laudandus
900 1284 1037 1368 illaesi,
1052 1304 1121 1351 non
1140 1290 1239 1373 potes
1252 1286 1330 1372 ipse

274 1426 423 1512 laudari3
443 1426 643 1494 inferiorem
663 1430 721 1493 aut
739 1444 873 1512 parem,
892 1423 972 1511 quia
999 1423 1149 1511 pertinet
1167 1422 1210 1489 ad
1234 1427 1331 1488 tuam

275 1567 418 1655 gloriam
441 1568 547 1656 quam
573 1567 766 1635 maximum
789 1565 911 1652 videri,
938 1585 1045 1653 quem
1076 1562 1255 1652 praecedis,
1277 1563 1332 1628 vel

272 1725 430 1792 exequas
452 1707 524 1796 (VI.
545 1705 616 1795 17).
641 1729 655 1770 r
695 1705 821 1774 Utrum
840 1708 921 1772 verb
939 1704 1081 1772 ambitio
1103 1725 1146 1772 an
1167 1705 1331 1773 humaui-

265 1848 319 1908 tus
350 1843 386 1909 in
420 1847 553 1910 tantam
584 1840 749 1910 laudandi
785 1840 985 1908 facilitatem
1022 1860 1104 1908 eum
1138 1839 1328 1929 impulerit,

267 1981 356 2046 scire
375 1978 534 2048 difficile:
551 1977 742 2063 nesciebat,
756 1983 795 2046 ut
808 1976 956 2062 videtur,
977 1978 1053 2064 ipse
1071 1978 1214 2045 Plinius.

354 2226 434 2331 'Nec
458 2227 580 2294 laudes
608 2229 756 2307 tantum,
794 2224 857 2292 sed
888 2225 1047 2292 sestertia
1080 2224 1253 2312 profudit:
1292 2247 1333 2293 ea

276 2370 432 2436 omittam
452 2387 527 2455 quae
545 2368 597 2433 vir
615 2368 766 2455 optimus
783 2368 820 2433 in
835 2385 930 2448 suos,
949 2365 986 2432 in
1004 2365 1146 2451 amicos,
1167 2366 1204 2432 in
1236 2366 1332 2434 colo-

275 2529 338 2575 nos
361 2508 601 2576 liberalissime
631 2511 769 2596 egerit3
798 2529 839 2576 ea
860 2511 995 2576 tantum
1021 2509 1222 2597 attingimus
1251 2531 1327 2597 quaa

274 2644 316 2712 ad
334 2643 446 2711 studia
463 2644 647 2732 pertinent.
670 2643 710 2711 In
729 2646 840 2730 patria
857 2642 1104 2711 bibliothecam
1131 2642 1235 2728 (licat,
1266 2644 1333 2710 ali-

270 2793 388 2854 menta
411 2787 515 2854 etiam
545 2786 776 2875 ingenuorum
806 2785 981 2853 constituit
1007 2784 1048 2872 (Ι.
1076 2782 1125 2870 8).
1161 2783 1237 2852 Nec
1266 2785 1331 2853 Co-

270 2951 409 2999 menses
428 2929 531 2998 modb
549 2930 706 2997 hortatur
725 2935 763 2996 ut
781 2932 1010 3016 praeceptores
1030 2926 1169 3013 publice
1190 2928 1326 2994 condu-
1405 2903 1408 2909 ¹

272 3077 371 3152 cant3
392 3072 530 3139 tertiam
545 3072 626 3137 verb
638 3073 775 3157 partem
788 3068 863 3154 eJ'us
883 3065 978 3154 qnod
992 3066 1158 3134 conferre
1171 3066 1334 3153 placebit,

274 3208 395 3291 ollert,
416 3213 527 3275 totum
551 3206 766 3295 polliciturus
791 3204 858 3270 nisi
883 3204 1022 3270 timeret
1042 3223 1085 3270 ne
1110 3223 1238 3270 munus
1259 3223 1336 3269 am-

273 3343 403 3410 bitione
430 3348 714 3430 corrumperetur
734 3340 806 3432 (Ill.
825 3339 895 3428 13).
911 3339 1010 3408 Idem
1031 3339 1286 3420 Quintilianum
1302 3341 1338 3406 in

274 3485 419 3554 locanda
438 3485 508 3552 filia
526 3485 665 3572 adJ'uvat
686 3504 695 3568 3
717 3483 812 3550 idem
841 3480 1034 3549 Martialem
1054 3501 1097 3549 ex
1123 3480 1210 3550 urbe
1236 3501 1337 3549 sece-

276 3624 417 3692 dentem
437 3625 559 3692 riatico
583 3625 723 3692 instruit
742 3622 819 3712 (ΙΙΙ,
838 3621 907 3710 al).

363 3878 537 3946 Maximus
557 3879 750 3946 amicorum
769 3898 939 3946 numerus
961 3879 1019 3967 qui
1038 3883 1136 3945 aetate
1154 3882 1214 3944 aut
1227 3877 1338 3964 digni—

261 4020 345 4082 tate
366 4015 557 4102 plurimum
577 4013 733 4082 valerent
751 4034 759 4098 3
786 4013 867 4080 inde
887 4033 1014 4102 magna
1032 4011 1184 4080 officioso
1203 4010 1338 4078 homini

250 4202 253 4207 -
277 4154 421 4223 facilitas
447 4155 602 4243 juniores
624 4158 683 4222 aut
701 4151 906 4220 humiliores
926 4151 1057 4220 amicos
1082 4148 1334 4218 commendan-

279 4294 324 4362 di.
345 4294 440 4364 Num
458 4295 651 4385 Virginium
671 4293 804 4363 Rufum
829 4291 886 4379 (de
906 4311 974 4379 quo
991 4293 1063 4377 J'am
1084 4295 1185 4358 antea
1206 4288 1339 4356 dictum
