3210 5220
791 651 967 721 „40-

346 842 478 923 rentes,
500 837 637 908 miserae
656 839 801 930 quidem.
818 838 871 927 (ut
893 847 992 914 vetus
1016 839 1151 909 ferebat
1176 839 1319 928 opinio),
1336 861 1406 908 non

346 979 427 1068 quia
445 985 670 1069 peccatorum
684 999 805 1069 poenas
824 979 1110 1068 persolvant‚'sed
1127 980 1209 1068 quia
1226 982 1407 1069 supremis

345 1116 535 1198 honoribus
554 1118 741 1193 caruerint.
760 1118 840 1206 Ipsa
863 1117 979 1197 Africa
998 1118 1116 1197 Curtio
1137 1119 1228 1188 Rufo
1248 1126 1404 1207 apparet,

348 1249 546 1349 ¹futurorum
598 1253 821 1345 praenuntia,
877 1253 1097 1345 honoresque
1145 1261 1180 1324 et
1225 1261 1405 1339 mortem,

351 1396 560 1488 certissime,
571 1401 611 1465 ut
628 1402 776 1465 eventus
793 1396 926 1486 probat,
951 1398 1136 1467 ominatur.
1152 1399 1192 1467 ln
1210 1400 1285 1488 ipsa
1303 1398 1407 1466 Plinii

347 1535 450 1604 domo
479 1535 635 1624 prodigia
663 1535 910 1604 ostenduntur:
933 1556 1002 1625 quo
1021 1541 1178 1624 tempore
1199 1536 1409 1604 imminebat

341 1673 792 1764 aDomitianopericulum‚
812 1674 907 1742 visus
929 1674 1048 1742 nescio
1067 1674 1144 1762 quis
1161 1674 1404 1763 paedagogium

339 1821 445 1886 noctu
461 1817 603 1904 intrare,
618 1822 653 1886 et
664 1822 845 1906 amputare
863 1837 907 1884 ex
917 1817 993 1905 ipso
1007 1815 1254 1885 dormientium
1273 1817 1405 1884 vertice

343 1958 505 2048 capillos:
544 1959 685 2048 capillos
718 1959 873 2046 Jacentes
910 1961 1081 2046 repertae,
1115 1955 1265 2044 depulsi,
1309 1954 1405 2044 quod

347 2098 566 2184 imminebat,
585 2099 733 2190 periculi
744 2097 1001 2190 signumfuisse
1020 2098 1153 2166 Plinius
1165 2097 1287 2166 credit.
1304 2096 1406 2166 Unde

348 2238 453 2307 etiam
465 2237 592 2328 (obiter
610 2238 743 2306 dictum
761 2236 819 2325 sit)
841 2236 1001 2324 colligere
1021 2236 1134 2324 possis
1165 2234 1270 2303 Plinii
1286 2235 1342 2302 his
1369 2235 1408 2302 in

345 2383 563 2474 temporibus
577 2383 805 2451 constantiam
822 2401 894 2451 non
915 2381 959 2451 ab
982 2382 1078 2449 omni
1097 2381 1203 2449 animi
1221 2380 1408 2468 perturba-

343 2525 437 2593 tione
455 2522 601 2592 liberam
613 2521 732 2591 iuisse.
751 2522 821 2590 Ista
833 2522 976 2611 quidem
992 2521 1108 2589 omnia
1122 2519 1279 2610 quamvis
1291 2520 1406 2588 amico

343 2654 517 2754 subjiciat,
530 2664 789 2753 interrogetque
809 2683 895 2732 nurn
912 2661 1042 2751 aliquid
1060 2662 1131 2729 sint
1146 2661 1405 2749 phantasmata,

341 2804 379 2873 in
407 2804 650 2879 credulitatem
674 2803 856 2872 manifesto
894 2802 1038 2872 inclinat
1076 2801 1167 2891 (VII.
1202 2799 1275 2889 27).
1313 2799 1405 2868 Cum

339 2941 517 3038 Suetoni0,
538 2964 644 3033 quem
660 2943 838 3013 somnium
856 2939 1033 3030 quoddam
1052 2942 1232 3027 exterruit,
1254 2941 1344 3010 serit
1370 2947 1407 3009 et

341 3079 493 3168 graviter
523 3078 693 3168 disputat:
729 3077 867 3145 «refert
889 3076 985 3145 enim
1013 3081 1178 3145 eventura
1208 3075 1329 3161 soleat,
1362 3096 1407 3145 an

340 3217 510 3286 contraria
528 3217 716 3285 somniare.
737 3215 781 3304 (Ι.
804 3214 854 3303 8).
877 3199 892 3280 'a
919 3214 992 3283 Illis
1010 3213 1143 3282 scilicet
1160 3219 1281 3282 noster
1297 3212 1405 3282 fidem

342 3365 486 3435 adhibet
503 3386 582 3456 quae
605 3365 784 3455 Virgilius,
808 3366 987 3454 vulgarem
1020 3365 1220 3453 opinionem
1249 3370 1406 3453 secutus

339 3506 523 3576 cecinerat.

426 3714 516 3785 Sunt
534 3716 683 3805 geminae
708 3718 824 3786 somni
839 3724 960 3806 portae,
985 3737 1134 3808 quarum
1163 3712 1271 3783 altera
1294 3714 1406 3782 fertur

425 3854 572 3943 Cornea,
594 3857 664 3948 quet
681 3856 775 3925 veris
789 3855 899 3925 iacilis
922 3856 1024 3925 datur
1056 3855 1169 3925 exitus
1196 3853 1331 3922 umbris
1349 3874 1360 3938 ;

425 3996 544 4066 Altera
562 3997 724 4066 candenti
735 3997 889 4085 perfecta
900 3998 1015 4066 nitens
1034 3997 1232 4086 elephanto,

428 4135 498 4204 Sed
510 4136 596 4207 salsa
615 4136 659 4205 ad
677 4136 806 4206 coelum
826 4137 969 4206 mittunt
985 4137 1161 4205 insomnia
1179 4137 1312 4204 Manes.

924 4277 1074 4367 (AEneid.
1096 4278 1154 4347 vr.
1176 4276 1266 4365 aaa).
1305 4255 1307 4260 ’
