3210 5220
671 672 844 742 ,45-

222 867 365 934 nitatem
381 867 577 952 aemuletnr,
605 886 681 935 rem
700 866 796 936 haud
818 864 925 934 dubio
949 864 992 933 ad
1016 865 1195 952 invidiam,
1213 867 1291 935 imo

222 1003 266 1073 ed
283 1004 468 1074 ridiculum
502 1005 636 1074 trahere
661 1006 792 1095 possit:
815 1004 902 1073 odeo
928 1009 1047 1095 noster
1081 1006 1118 1072 in
1145 1006 1289 1095 proprisi

213 1145 416 1215 laudatione
436 1147 642 1231 continuus3
668 1146 756 1215 odeo
771 1145 971 1234 ingeniosus
996 1147 1032 1213 in
1058 1149 1289 1236 excogitando

222 1284 375 1372 quinem
394 1285 450 1354 vid
468 1285 512 1354 ad
531 1307 569 1354 se
588 1285 721 1371 redeat,
742 1305 852 1375 quove
869 1283 1027 1371 artificio,
1040 1286 1124 1354 dum
1141 1293 1295 1358 coeteros

221 1431 349 1520 laudet,
368 1434 413 1503 ad
441 1435 550 1525 ipsius
581 1434 702 1505 laudes
720 1436 868 1521 temere,
896 1441 932 1505 et
956 1437 1100 1522 inscius,
1126 1443 1161 1507 et
1185 1441 1285 1528 quasi

221 1579 360 1644 coactus
375 1575 499 1645 adduci
527 1575 704 1661 videatur3
725 1576 812 1645 adeo
836 1577 921 1646 nihil
939 1583 1010 1646 turn
1027 1598 1173 1666 pervum
1192 1581 1284 1669 quod

221 1733 291 1782 non
310 1715 552 1786 venditationis
576 1718 797 1786 occasionem
817 1719 962 1806 recipiat
982 1741 989 1786 :
1012 1719 1106 1788 subit
1128 1722 1288 1808 satietusr

220 1871 265 1919 ne
288 1853 464 1924 fastidium
489 1856 621 1941 dicum3
647 1855 741 1924 subit
770 1856 1076 1946 indignatiunoulo,
1103 1861 1170 1928 nisi
1194 1862 1285 1931 inter

220 1989 341 2056 vitium
359 1991 444 2059 illud
464 1998 676 2081 ceterasque
694 1993 755 2059 viri
770 1993 916 2060 virtutes
933 1999 1097 2082 tunquam
1114 1995 1288 2062 rationem

221 2133 393 2221 conteras,
416 2133 520 2203 etiilo
538 2135 716 2205 interdum
738 2135 930 2204 adversum.
945 2139 1169 2208 severitatem
1187 2145 1284 2209 tuum

220 2280 413 2371 patrocinio
451 2282 601 2351 Plinium
631 2284 759 2353 tuearis
771 2304 784 2350 :.
816 2284 911 2353 huno
937 2286 1069 2354 scilicet
1101 2286 1285 2356 hominum

219 2419 347 2492 laudes
369 2426 587 2511 aucupatum(
600 2442 690 2507 esse,
716 2421 779 2490 sed
805 2414 1035 2492 elohomvisse
1059 2429 1099 2493 ut
1117 2429 1284 2503 mereret.

218 2560 303 2634 Ideo
343 2585 414 2634 non
449 2565 644 2635 inconsulti)
678 2565 769 2634 hanc
808 2571 948 2653 partem
977 2567 1075 2655 prius
1112 2568 1282 2656 attingere

218 2703 396 2774 noluimus
415 2705 521 2796 quim
540 2705 650 2776 multa
665 2708 738 2796 jam
755 2708 791 2776 in
810 2708 922 2777 Plinio
942 2702 1073 2794 optima
1090 2702 1287 2772 laudanda·

217 2860 286 2928 que
304 2842 461 2911 licuisset
486 2842 683 2912 ostendere.
710 2846 864 2915 Honesta
886 2865 949 2934 per
978 2862 1016 2910 se
1048 2841 1231 2919 {emulatio
1249 2848 1285 2910 et

140 3048 166 3056 -
218 2986 336 3073 glories
364 2985 558 3075 cupidites3
586 2992 758 3075 quatenus
787 2991 870 3057 vero
893 2992 928 3054 et
955 2981 1129 3073 quomodo
1159 2987 1280 3048 noster

218 3140 261 3188 ex
273 3120 404 3208 optimo
424 3121 594 3210 principio
611 3121 799 3210 profectus,
809 3123 846 3190 in
862 3121 985 3190 vitium
1003 3136 1115 3206 usque
1134 3133 1288 3206 proces-

218 3255 316 3341 serit,
329 3243 690 3341 nunc'videamunita
705 3263 823 3326 nutem
842 3263 881 3326 ut
898 3253 1125 3343 reprehensio
1144 3273 1215 3322 non
1227 3254 1284 3322 in·

218 3397 395 3489 dulgentid
408 3399 560 3490 quddam
579 3406 708 3471 carent.

306 3719 359 3788 Illi
377 3719 520 3808 quidem
546 3720 637 3789 inter
659 3720 792 3809 primos
820 3719 1014 3809 reponendi
1040 3720 1100 3808 qui
1123 3717 1209 3786 nihil
1237 3717 1286 3786 ad

217 3859 498 3943 ostentationem,
524 3846 644 3928 ¹omniu
667 3859 712 3927 ed
741 3858 991 3928 conscientiam
1023 3822 1191 3945 referunt,
1223 3858 1284 3946 qui

217 3996 312 4064 recte
333 3995 416 4066 facti
431 4016 503 4066 non
527 4017 569 4066 ex
597 3997 716 4088 populi
734 3972 897 4066 sermone
923 3995 1138 4080 mercedem,
1159 3994 1222 4063 sed
1240 4014 1286 4063 en

217 4140 306 4207 teoto
336 4144 460 4227 petunt
490 4140 532 4229 (Ι.
558 4139 629 4230 22).
663 4141 727 4210 His
761 4139 965 4210 mehercule
988 4137 1105 4206 verbis
1129 4135 1287 4209 Plinium

217 4295 288 4345 non
301 4275 442 4349 laudare
452 4297 656 4369 possumus,
676 4276 805 4366 quihus
816 4276 892 4364 ipse
911 4273 1289 4344 Aristonemumicurn
