3210 5220
268 823 332 911 est)
349 823 499 892 reseram
517 823 535 890 ‘l
553 823 648 892 Num
664 823 875 893 Vestricium
894 822 1104 914 Spurinnam
1138 823 1208 902 cui,
1229 823 1329 911 prin·

270 967 345 1055 cipe
362 971 516 1051 auctore,
536 966 760 1054 triumphalis
780 971 893 1035 statua
926 963 1067 1033 decreta
1085 969 1139 1033 est
1158 960 1218 1052 (ll,
1243 959 1300 1049 lo)
1313 961 1331 1026 ‘l

267 1106 361 1177 Num
378 1109 582 1190 Antonium,
613 1107 698 1177 olim
726 1105 970 1197 proconsulem
995 1105 1097 1189 Asiae,
1118 1103 1330 1185 auctoritate,

268 1248 378 1326 aetate,
416 1242 563 1310 civitatis
601 1242 800 1330 principem
836 1241 909 1330 (IV,
946 1238 1015 1328 3)‘r
1045 1239 1140 1307 Num
1170 1235 1332 1304 Avidium

270 1392 449 1478 Quietum,
468 1393 630 1462 Thraseae
649 1392 733 1460 olim
753 1390 992 1461 familiarem‘l
1010 1391 1105 1459 Num
1125 1393 1232 1456 totam
1248 1387 1333 1455 Hel-

268 1535 351 1603 vidii
374 1535 532 1620 domum,
559 1533 656 1622 cujus
682 1534 855 1603 ultionem
884 1532 1072 1602 fortissimo
1096 1535 1302 1619 susceperat
1318 1530 1335 1594 ‘l

268 1677 361 1745 Num
383 1676 584 1762 Corellium,
613 1677 674 1766 qui
693 1678 847 1745 Plinium
868 1684 903 1744 et
923 1676 1056 1761 dilexit,
1078 1682 1114 1746 et
1136 1676 1336 1745 adolescen-

268 1821 339 1883 tem
376 1816 482 1883 etiam
516 1815 751 1884 reverebatur
771 1813 844 1902 (IV,
884 1812 942 1901 17)
967 1813 985 1880 ‘l
1007 1813 1115 1883 «Una
1144 1813 1333 1902 diligimus,

267 1955 391 2043 inquit,
413 1954 498 2023 dum
516 1955 559 2023 de
581 1955 735 2024 Cornuto
762 1956 929 2044 loquitur,
958 1954 1027 2022 unai
1053 1953 1238 2020 dileximus
1259 1972 1335 2018 om-

266 2121 329 2168 nes
347 2100 420 2170 ferd
439 2122 525 2189 quos
545 2109 625 2172 aetus
645 2103 815 2170 nostruin
834 2109 982 2191 utroque
1002 2121 1089 2170 sexu
1109 2100 1327 2169 aemulandos

270 2243 348 2310 tulit
367 2242 422 2332 (V.
444 2243 552 2332 15).»
578 2245 626 2312 Ea
644 2251 718 2312 erat
732 2245 842 2333 ipsius
860 2244 1008 2334 dignitas
1035 2250 1076 2312 ut
1106 2263 1186 2312 curn
1219 2242 1337 2309 multis

272 2381 404 2470 legatis,
424 2383 666 2471 praefectisque
683 2389 718 2451 et
734 2383 995 2473 magistratibus
1022 2383 1236 2451 familiariter
1255 2402 1338 2450 cou-

271 2524 497 2613 J'ungeretur3
532 2544 637 2592 nemo
670 2523 744 2592 ferd
774 2526 812 2591 in
843 2525 979 2593 civitate
1011 2523 1105 2612 apud
1137 2544 1243 2611 quern
1270 2542 1340 2589 non

274 2630 391 2756 magni
422 2670 656 2738 aestimaretur
695 2668 841 2751 Plinius,
876 2673 911 2736 et
948 2669 1099 2755 quddam
1137 2669 1339 2735 auctoritate

279 2810 434 2899 polleret.

364 3027 432 3107 Qui
444 3028 571 3096 multos
587 3028 691 3096 habet
711 3034 886 3116 patronos,
910 3047 979 3093 non
1005 3027 1132 3092 mirum
1159 3026 1189 3091 si
1208 3024 1337 3091 multos

275 3169 349 3258 ipse
368 3168 511 3236 clientes
530 3168 667 3236 habeat.
684 3167 782 3236 Multi
798 3169 835 3236 in
855 3167 1038 3236 honestam
1055 3155 1149 3233 illam
1163 3173 1338 3254 apertam-

274 3329 341 3396 que
366 3310 511 3377 domum
531 3311 728 3394 convenire,
749 3310 911 3393 salutare,
944 3310 1080 3376 colere:
1114 3328 1178 3375 suu
1211 3309 1339 3395 cuique

276 3450 442 3538 sportula.
459 3451 634 3538 Spurinna
646 3458 681 3520 et
693 3452 863 3518 Antonius
878 3470 992 3535 senes,
1018 3448 1062 3516 ab
1085 3448 1142 3516 illo
1168 3449 1338 3516 studioso-

276 3609 355 3657 rum
368 3592 539 3678 principe,
554 3592 623 3678 ipsi
633 3591 670 3657 in
689 3590 813 3658 studiis
831 3590 1011 3674 tirunculi,
1025 3589 1159 3657 laudari
1177 3589 1339 3677 gaudent.

279 3730 364 3810 Quis
378 3736 498 3799 autem
510 3737 677 3818 patronus
696 3730 951 3819 diligentiorem
968 3730 1004 3796 in
1017 3728 1222 3816 adjuvandis
1239 3728 1343 3795 elien·
1477 3724 1480 3729 ’

278 3871 371 3940 tibus
385 3892 528 3962 operum
543 3871 732 3940 adhibeat‘l
747 3872 838 3939 Petit
848 3871 866 3939 J
869 3871 972 3938 unius
989 3840 1165 3938 Mauricus
1177 3873 1216 3936 ut
1227 3868 1342 3934 fratris

279 4011 354 4080 filiae
372 4015 538 4081 maritum
556 4013 764 4101 prospiciat:
793 4011 986 4080 Minucium
1004 4009 1201 4104 licilianum
1221 4011 1344 4074 noster

281 4143 500 4224 commendat
517 4155 577 4243 qui
592 4178 606 4220 r
620 4154 762 4222 formari
781 4174 802 4221 a
815 4174 886 4239 me,
901 4153 1024 4241 inquit,
1039 4156 1074 4218 et
1085 4151 1220 4218 institui
1233 4149 1340 4236 cupit,

283 4306 321 4369 ut
333 4321 396 4391 ego
417 4300 556 4381 avobis
568 4299 723 4368 solebam
755 4298 795 4386 (Ι.
811 4297 882 4384 lc).
901 4322 915 4362 >›
947 4298 1098 4364 Fuscum
1114 4294 1344 4362 Salinatorem
