3210 5220
712 632 888 700 ...50-

267 817 419 885 maxime
447 819 670 889 nascentibus
698 823 874 910 opusculis
899 824 1056 892 interest.
1086 825 1175 914 Ergo
1202 826 1333 914 pendet

182 954 186 962 '
267 958 413 1046 Plinius,
448 965 483 1028 et
512 967 696 1030 exercetur
726 983 813 1052 spe,
849 968 884 1031 et
920 963 1069 1033 affinitur
1099 972 1223 1047 metu;
1255 967 1330 1056 ipse

267 1104 388 1191 ambit,
408 1105 484 1194 ipse
496 1106 730 1193 periclitatum
752 1112 787 1175 et
808 1107 1008 1176 aFundano
1029 1107 1135 1197 exigit
1147 1114 1185 1175 ut
1203 1109 1329 1191 veniat,

268 1249 304 1314 et
322 1243 526 1335 suffragium
548 1247 693 1335 jungat,
720 1252 755 1314 et
779 1251 929 1315 ostentet
947 1246 1183 1327 candidatum,
1210 1253 1245 1314 et
1263 1247 1331 1316 oir-

268 1393 408 1456 oumeat
425 1386 497 1476 (VI.
514 1385 560 1475 6).

356 1564 410 1634 Ne
433 1567 579 1634 mortuis
592 1565 734 1655 quidem
751 1566 877 1636 desunt
896 1569 1018 1656 optimi
1037 1568 1191 1636 hominis
1209 1568 1332 1635 laudes

270 1707 305 1771 et
334 1705 515 1772 amicitia:
549 1703 666 1772 omnia
695 1704 745 1771 illi
776 1705 900 1790 studia,
927 1724 1050 1772 omnes
1074 1724 1189 1788 ouras,
1214 1704 1331 1771 omnin

271 1847 496 1910 avocamenta
529 1843 675 1928 eximit,
707 1845 859 1929 excutit,
894 1845 998 1934 eripit
1032 1843 1130 1912 dolor
1158 1864 1265 1932 quem
1290 1865 1334 1911 ex

269 1989 383 2052 morte
412 1984 504 2053 lunii
541 1987 632 2068 Aviti
663 1988 907 2077 gravissimum
949 1987 1052 2075 cupit.
1093 1985 1154 2054 Ille
1191 1986 1334 2074 quidem

267 2117 389 2188 Avitus
418 2120 569 2189 Plinium
598 2122 646 2190 ita
675 2121 852 2211 diligebat,
890 2123 938 2190 ita
962 2120 1173 2209 verebatur,
1207 2126 1245 2188 ut
1276 2119 1333 2188 illo

269 2258 456 2330 formatore
501 2282 652 2349 morum,
700 2264 760 2332 illo
805 2265 905 2353 qua‘si
962 2264 1128 2352 magistro
1176 2267 1335 2332 uteretur

272 2398 346 2486 (IX.
365 2398 437 2488 23).
459 2397 594 2480 Quibus
614 2401 718 2468 etiam
737 2401 781 2470 ad
800 2407 1020 2470 mortuorum
1037 2400 1229 2467 amicorum
1257 2399 1334 2467 lau·

271 2539 447 2609 dationem
476 2541 592 2609 minor
614 2542 801 2609 auctoritas
820 2548 879 2610 aut
898 2540 1108 2630 eloquentia,
1127 2539 1204 2608 illos
1224 2539 1335 2608 Plinio
1449 2612 1451 2616 Α

220 2760 222 2764 v
272 2679 772 2749 oaelebmndoscommendant.
783 2680 835 2749 lta
849 2680 1097 2760 Quinctionum
1111 2679 1333 2767 Pompeium,

273 2825 330 2892 cui
348 2844 514 2918 magnum
532 2823 725 2894 litterarum
745 2826 911 2910 studium,
925 2825 1075 2892 multum
1086 2822 1191 2891 etium
1201 2822 1333 2910 judieii,

273 2961 403 3032 Colone
422 2965 573 3053 quodam
591 2972 747 3057 rogante,
767 2966 885 3035 laudat
910 2966 1062 3034 Plinius:
1092 2987 1106 3029 r
1136 2964 1193 3032 Sic
1212 2965 1337 3032 amasti

272 3103 446 3174 viventem
461 3111 501 3175 ut
518 3107 594 3175 hoec
613 3107 732 3175 audire
745 3108 859 3194 potius
873 3107 980 3195 quim
992 3106 1035 3174 de
1055 3106 1113 3173 illo
1128 3103 1224 3171 sileri
1234 3101 1333 3189 velis,

274 3263 295 3312 a
320 3264 379 3312 me
407 3246 602 3334 preesertim
623 3248 722 3336 cujus
746 3247 990 3336 praedioatione
1009 3250 1110 3334 putas
1133 3245 1239 3313 vitum
1258 3244 1334 3332 ejus

274 3386 445 3472 exornari,
465 3388 671 3456 memoriam
696 3388 885 3477 prorogari,
907 3387 1021 3475 ipsam
1053 3385 1161 3473 illam,
1190 3388 1260 3474 quet
1282 3392 1336 3454 est

273 3533 405 3616 raptus,
426 3535 566 3613 oetatem
584 3549 688 3618 posse
707 3529 854 3597 restitui.
878 3530 952 3619 (IX.
975 3528 1023 3618 9).
1047 3551 1062 3594 s

362 3722 455 3804 Quid
471 3723 515 3792 de
533 3722 750 3792 viventibus?
763 3723 831 3803 Qui
843 3725 955 3812 prima
973 3725 1010 3791 in
1023 3723 1146 3792 studiis
1165 3721 1338 3810 stipendio

273 3864 416 3947 fuciunt,
436 3865 572 3935 oaeteris
591 3865 753 3934 studiosis
776 3870 1027 3950 monstrantur,
1048 3864 1248 3949 laudantur;
1274 3884 1339 3952 per

274 4006 372 4076 illum
383 4007 492 4076 facilis
505 4006 549 4075 ad
567 4006 696 4074 lamam
715 4006 842 4094 adituS,
857 4013 892 4076 et
908 4008 1000 4075 inter
1013 4006 1132 4075 doctos
1153 4004 1335 4095 cooptatio.

276 4147 362 4230 Quis
382 4171 464 4241 ergo
483 4171 553 4217 non
567 4152 747 4218 hominem
768 4151 1060 4236 contuerentur,
1081 4153 1186 4234 umot,
1213 4149 1273 4236 qui
1304 4152 1339 4214 et

276 4295 385 4362 amari
403 4301 438 4362 et
452 4295 517 4362 ooli
533 4301 709 4384 tantopere
735 4294 893 4384 gaudent,
914 4299 948 4361 ot
966 4291 1127 4360 [utillime
1142 4296 1247 4376 umet,
1272 4310 1339 4357 neo
