3210 5220
712 622 889 692 ...49-

271 845 351 893 rum
369 821 519 902 turbam,
540 821 659 889 nonin
674 819 888 910 expoliendis
908 821 1018 909 magis
1037 821 1201 909 operibus
1224 824 1328 911 quim

271 965 307 1032 in
318 961 554 1032 laudatoribus
565 959 809 1050 conquirendis
816 959 1080 1047 elaborantium3
1094 961 1185 1052 finge
1198 964 1329 1033 audito

271 1106 322 1174 ria
333 1109 369 1173 et
385 1102 626 1172 recitationes:
648 1101 709 1190 qui
726 1101 855 1170 librum
873 1101 1002 1190 populo
1021 1102 1151 1190 scribit,
1172 1124 1328 1194 opusque

270 1266 374 1314 suum
403 1244 543 1334 ignotus
579 1241 706 1330 ignotis
738 1241 843 1310 tradit
870 1241 1115 1330 judicandum,
1147 1243 1329 1314 hominum

269 1385 554 1476 approbationem
588 1387 790 1472 exspectat,
823 1403 894 1451 nen
918 1385 1087 1472 arcessit,
1124 1385 1247 1455 lentior
1282 1389 1331 1458 illi

269 1524 378 1611 gloria
399 1529 435 1590 et
459 1522 559 1617 quasi
585 1521 772 1610 placidi0r;
795 1542 838 1590 ex
859 1520 919 1590 illa
942 1527 1061 1591 autem
1079 1524 1239 1594 auditorii
1258 1527 1332 1615 glo-

269 1663 366 1748 riola,
390 1681 468 1750 quae
485 1660 641 1746 auribus,
661 1680 740 1749 quae
761 1659 872 1729 oculis
891 1661 1074 1750 excipitur,
1102 1682 1145 1730 ex
1165 1662 1224 1730 11111
1237 1667 1337 1752 quasi

270 1801 345 1868 riva
367 1799 484 1885 laude,
507 1820 551 1868 ex
574 1798 632 1867 illo
652 1798 898 1867 admirantium
917 1805 1171 1890 concentuque
1195 1821 1232 1869 se
1248 1805 1335 1871 reci-

269 1948 358 2011 tatcr
370 1940 579 2010 circumdari
595 1945 631 2008 et
641 1939 736 2007 videt
760 1944 795 2006 et
819 1939 936 2025 sentit,
964 1939 1079 2028 quale,
1101 1941 1157 2009 Dii
1182 1941 1277 2030 boni,
1300 1952 1334 2011 et

139 2141 143 2147 .
270 2081 376 2169 quam
402 2099 481 2149 acre
513 2077 557 2148 ad
575 2079 765 2146 vanitatem
790 2077 1079 2148 incitamentum!
1110 2079 1330 2169 «Imaginor,

269 2224 380 2312 inquit
407 2221 566 2306 Plinius,
597 2220 681 2290 dum
711 2221 863 2288 amioum
889 2219 1081 2308 quemdam
1114 2221 1271 2289 hortatur
1294 2228 1333 2305 ut

267 2362 402 2448 recitet,
415 2362 476 2451 qui
488 2361 646 2452 plausuS,
660 2381 737 2449 quae
750 2360 932 2429 admiratio
946 2367 994 2446 te,
1009 2362 1070 2450 qui
1084 2361 1225 2449 clamor,
1240 2363 1333 2450 quod

268 2503 373 2570 etiam
399 2501 576 2570 silentium
604 2505 754 2584 maneat,
787 2500 831 2568 sit
857 2499 960 2567 mode
984 2500 1163 2568 silentium
1187 2521 1266 2569 acre
1299 2508 1333 2568 et

267 2646 439 2714 intentum
452 2650 487 2713 et
505 2643 672 2732 cupidum
683 2642 848 2712 ulteriora
861 2642 1025 2711 audiendi
1040 2642 1100 2730 (ll.
1117 2641 1202 2730 lo).
1222 2666 1235 2707 1
1259 2643 1330 2710 Ista

268 2792 386 2855 autern
403 2784 518 2853 omnia
536 2789 574 2851 nt
585 2782 717 2852 Plinius
731 2786 834 2872 gustu
853 2781 1064 2870 exploravit!
1089 2780 1265 2861 Quantum
1282 2780 1332 2846 illi

268 2927 426 3016 sapiunt!
446 2926 624 3016 Dignoscit
642 2923 817 2993 eruditum
833 2924 1064 3013 quorumdam
1084 2923 1237 3012 palatum

599 3138 717 3227 Lupus
736 3137 793 3205 hic
805 3136 1003 3224 Tiberinus,
1019 3156 1064 3204 an
1083 3136 1152 3204 altu

397 3284 526 3371 Captus
545 3282 630 3366 hiet,
644 3285 837 3370 pontesque
856 3281 948 3348 inter
956 3281 1105 3368 jactatus
1119 3300 1162 3347 an
1175 3280 1286 3346 amnis

404 3427 501 3496 Ostia
518 3424 583 3493 sub
600 3424 717 3508 Tusci;
739 3423 838 3512 (Hor.
860 3422 930 3491 Sat.
950 3423 995 3490 11.
1016 3421 1050 3510 2,
1071 3421 1129 3511 30)

269 3596 440 3688 dignoscit
466 3597 585 3660 noster
606 3596 726 3658 utrum
751 3587 932 3655 delicatius
956 3586 1079 3674 sapiat,
1102 3588 1331 3679 silentiumne

270 3758 314 3806 an
342 3735 497 3823 plausus

357 3957 447 4044 Ergo
463 3952 670 4021 recitaturus
689 3947 800 4030 timet,
820 3946 957 4027 aestuat3
979 3943 1009 4010 si
1028 3963 1184 4030 unquam
1196 3943 1336 4033 legendi

270 4097 444 4183 versiculi,
459 4113 517 4162 res
529 4110 657 4182 magna
675 4092 710 4156 et
729 4104 805 4175 quae
822 4082 1083 4152 consultationis
1103 4088 1203 4171 egeat
1217 4105 1226 4168 3
1242 4085 1337 4151 audit

273 4243 367 4311 enim
385 4260 424 4310 se
441 4235 533 4308 male
544 4234 683 4322 legere,
702 4248 789 4299 num
806 4225 931 4296 liberto
944 4224 1160 4294 recitandum
1180 4224 1336 4294 libellum

1249 4353 1266 4407 1
