3210 5220
713 669 887 738 -63-

269 880 351 963 (let3
369 885 409 948 ut
426 880 537 948 Fusco
562 879 741 946 Salinatori
758 878 847 983 (llll.
862 877 910 966 a).
930 878 1101 945 Eumdom
1119 879 1220 947 docet
1238 900 1330 968 quo-

268 991 371 1083 modo
390 1015 444 1082 vel
455 1015 545 1099 ruri,
556 1010 734 1082 intervalla
744 1015 937 1084 studiorum
951 1015 1019 1083 otio
1033 1015 1107 1103 ipse
1127 1016 1329 1104 dispungat,

268 1159 302 1220 et
329 1173 476 1242 corpm,
511 1154 610 1242 cujus
645 1152 782 1221 fulturis
813 1155 950 1222 animus
974 1153 1183 1239 sustinetur,
1211 1154 1325 1235 salvia,

267 1283 401 1370 litteris,
434 1292 595 1355 exerceat
625 1286 699 1375 (IX.
728 1285 800 1373 36).
823 1286 949 1354 Multos
984 1287 1107 1376 recipit
1135 1289 1328 1356 amicorum

267 1416 400 1484 libellos
424 1439 511 1506 quos
530 1424 670 1487 annotet
686 1421 929 1509 corrigatque3
956 1420 1083 1489 multos
1118 1421 1193 1509 ipse
1225 1422 1330 1489 mittit

268 1561 509 1649 corrigendos:
534 1561 781 1651 «Opulchras,
802 1565 961 1652 inquit‚o
980 1564 1152 1653 jucundas
1168 1567 1262 1633 vices
1282 1565 1289 1630 1
1310 1589 1324 1628 l)

268 1695 382 1766 Credo
399 1698 564 1786 equidem
584 1720 591 1766 :
613 1699 707 1788 larga
719 1701 883 1769 laudandi
894 1705 1069 1789 materiae,
1085 1709 1120 1771 et
1131 1711 1331 1793 opportuna

268 1839 403 1906 occasio
423 1842 492 1928 quat
509 1839 761 1929 benignitatem
773 1841 944 1924 ostendat,
959 1847 994 1909 et
1012 1842 1153 1910 laudum
1172 1850 1331 1933 segetem

268 1978 408 2065 reserat,
428 1979 649 2068 benignitatis
668 1981 771 2049 simul
791 1988 825 2048 ct
841 1980 1047 2070 eloquentiae
1066 1984 1281 2051 mercedem.

358 2175 450 2257 Quid
479 2177 523 2246 de
554 2177 758 2245 auditoriis‘.l
788 2177 902 2258 Quam
932 2178 1085 2248 officiosa
1109 2200 1173 2270 per
1203 2181 1329 2249 urbem

190 2405 194 2411 .
269 2312 487 2401 discursatio,
501 2315 569 2384 illis
587 2317 782 2407 praesertim
800 2318 898 2385 annis
911 2317 973 2386 ubi
984 2337 1133 2407 magnus
1147 2324 1330 2408 puetarum

268 2459 473 2545 proventus!
494 2459 573 2527 Non
594 2459 689 2528 enim
708 2460 893 2548 quisquam
909 2466 962 2529 est
978 2461 1052 2530 fere
1068 2461 1268 2549 quistudia,
1291 2468 1332 2531 ut

269 2613 339 2662 non
357 2592 464 2664 simul
482 2605 517 2664 et
535 2597 687 2665 Plinium
706 2603 817 2682 amet3
839 2617 921 2685 ergo
941 2597 1074 2664 nemini
1087 2617 1195 2687 prope
1217 2597 1328 2684 deest,

269 2752 386 2822 neque
400 2737 511 2825 parcit
524 2756 658 2826 operae:
681 2737 741 2824 qui
760 2735 853 2803 diem
865 2738 902 2803 in
920 2735 1060 2824 praediis
1079 2737 1172 2804 inter
1191 2734 1330 2805 colonos
1399 2770 1404 2778 ·

269 2874 463 2960 perdidisse
484 2876 588 2962 dolet,
609 2877 704 2945 idem
721 2877 758 2942 in
776 2875 944 2944 auditorio
962 2875 1091 2964 aliquid
1110 2875 1177 2942 sibi
1194 2875 1332 2944 videtur

269 3009 493 3101 lucrifacere3
522 3015 621 3084 illum
652 3021 771 3084 contra
799 3016 905 3103 juvat,
937 3015 1027 3103 quod
1056 3016 1174 3104 vigent
1203 3017 1328 3106 studia,
1413 3015 1415 3019 ’

269 3151 451 3236 proferunt
462 3175 501 3223 se
512 3156 651 3243 ingenia
662 3155 845 3223 hominum
864 3160 900 3222 ct
917 3159 1090 3222 ostentant
1103 3155 1144 3244 (I.
1158 3153 1228 3245 13).
1242 3157 1332 3247 Ergo

268 3298 488 3381 exspectatus
521 3295 632 3370 adest,
652 3296 770 3384 utqui
799 3277 1037 3363 auctoritatem
1051 3295 1086 3362 in
1104 3294 1276 3365 laudando
1299 3304 1334 3366 et

266 3439 423 3521 paratam
441 3435 709 3505 admirationem
729 3436 873 3524 afferat3
894 3438 1025 3526 primas
1047 3437 1139 3506 inter
1158 3439 1338 3508 auditores

268 3574 348 3663 agit,
399 3582 438 3644 ut
481 3578 573 3666 apud
613 3577 841 3666 Calpurnium
881 3578 1046 3646 Pisonem
1092 3579 1210 3647 videre
1258 3587 1331 3649 est:

271 3712 464 3782 amulttrm
492 3720 527 3782 et
550 3714 611 3782 diu
641 3715 860 3783 exosculatus
892 3714 1163 3802 adolescentem,
1187 3718 1248 3806 qui
1280 3725 1335 3788 est

273 3848 465 3917 acerrimus
484 3824 645 3919 stirndlus
665 3849 844 3933 monendi,
864 3848 1026 3919 laudibus
1044 3851 1194 3920 incitavi.
1220 3875 1234 3917 a
1260 3853 1336 3923 Nec

271 4011 486 4080 quemquam
510 3992 547 4060 in
572 3992 675 4060 docta
699 3992 802 4061 domo
824 3993 966 4060 omittit:
997 4017 1012 4060 r
1043 3995 1232 4082 gratulatus
1257 4018 1337 4066 sum

272 4134 412 4222 optimae
442 4134 558 4219 matri,
589 4095 778 4222 gratulatus
813 4140 848 4202 et
877 4134 974 4203 fratri
1015 4133 1070 4223 (V.
1099 4133 1171 4222 17).
1194 4158 1211 4204 a>
1245 4135 1338 4218 Quid

273 4278 415 4363 mirum,
443 4279 474 4352 si
496 4279 533 4348 in
557 4277 655 4347 Plinii
673 4277 881 4347 auditorium
902 4281 1109 4346 concurrant
1127 4277 1338 4368 quicumque
