3210 5220
629 765 635 779 .
739 717 914 786 -lO-

288 891 539 970 assumuntur
572 887 639 953 nisi
669 888 778 956 doctae
798 895 901 973 sunt,
926 890 1049 957 saltem
1079 889 1187 956 videri
1204 890 1349 978 volunt3

292 1023 423 1109 multe,
448 1025 509 1093 ubi
534 1026 754 1095 discumbere
780 1033 972 1117 coeperunt,
999 1034 1096 1096 vates
1123 1036 1355 1116 comparant,

290 1159 420 1230 habent
438 1169 605 1234 matronae
621 1165 759 1234 dicendi
776 1186 905 1254 ganne,
926 1187 992 1235 nec
1005 1167 1099 1235 omni
1111 1167 1236 1234 marito
1255 1167 1358 1237 soloe-

289 1299 677 1372 cismumfecisselicet.
705 1304 794 1392 (luv.
819 1305 877 1390 Vl,
897 1303 964 1372 440
990 1303 1134 1392 etseq.)
1156 1305 1350 1394 Pompeius

288 1439 495 1512 Saturninus
513 1444 652 1534 legebat
670 1446 831 1534 epistolas
852 1466 937 1534 quas
964 1448 1082 1514 uxoris
1103 1466 1181 1514 esse
1200 1445 1352 1515 dicebat.

286 1579 337 1646 Pl.
361 1581 389 1665 I,
409 1581 482 1671 16.)
511 1584 556 1652 nt
583 1585 711 1653 dicenti
729 1584 854 1653 diffidit
878 1585 1044 1653 Plinius‘?
1062 1585 1111 1653 Εὸ
1129 1585 1350 1653 manifestius

286 1740 424 1791 morum
450 1724 618 1794 indicium
640 1730 706 1810 est,
730 1727 761 1794 si
787 1726 830 1794 ab
854 1728 975 1796 uxorio
1002 1727 1149 1815 conjuge
1179 1724 1353 1794 facundiae

286 1862 464 1950 gloriolam
486 1866 613 1934 mulier
631 1873 788 1936 mutuata
806 1869 863 1952 sit,
877 1867 1099 1954 alienamque
1112 1866 1350 1954 eloquentiam

285 2004 337 2092 (ut
347 2005 477 2075 alienos
497 2007 616 2076 multae
636 2008 805 2096 capillos),
819 2009 910 2076 inter
929 2006 1118 2076 munditias
1139 2025 1348 2074 annumera-

282 2147 381 2216 verit.

369 2361 456 2428 lllud
470 2369 587 2430 autem
604 2361 794 2430 notandum
808 2363 901 2450 quod
914 2362 950 2429 in
966 2368 1034 2428 tam
1049 2361 1198 2450 benigno
1212 2361 1344 2429 studio·

280 2525 398 2572 sorum
424 2512 605 2593 proventu,
627 2520 697 2572 non
716 2506 827 2594 major
849 2505 960 2573 ferme
985 2503 1200 2571 aardientlum
1218 2505 1342 2592 legen·

278 2641 434 2732 tiumque
453 2666 621 2713 numerus
642 2666 747 2733 quam
766 2643 1005 2712 scribentium.
1020 2642 1087 2708 Alii
1101 2642 1175 2707 aliis
1191 2643 1340 2708 invicem

273 2784 459 2871 auditores,
491 2792 525 2852 et
556 2792 753 2854 mutuantur
777 2786 1066 2868 admirationem,
1095 2784 1179 2850 dum
1206 2784 1334 2850 eadem

274 2930 543 3020 intemperantia
569 2939 604 3001 et
623 2933 856 3022 eloquentiam
883 2939 1127 3000 consectantur
1153 2940 1186 3000 ot
1210 2953 1338 3021 appro-

272 3070 355 3140 bare
374 3074 504 3159 volunt,
524 3080 694 3142 venantur
714 3073 773 3161 qui
792 3093 894 3140 aures
908 3072 1142 3156 commodent,
1158 3093 1337 3161 novosque

272 3231 413 3298 semper
444 3213 591 3301 collegas
616 3215 652 3280 in
676 3214 778 3300 istam
806 3211 904 3299 quasi
923 3229 1041 3298 φρατρίαν
1057 3210 1222 3279 alliciunt.
1246 3210 1342 3290 Quid

271 3349 376 3417 inde‘l
401 3371 443 3418 ea
461 3351 662 3419 scribuntur
681 3371 758 3440 quae
785 3351 828 3419 ab
859 3348 1004 3419 eruditis
1026 3352 1160 3418 tantiam
1191 3349 1336 3437 intelligi

271 3493 414 3579 possint.
447 3492 686 3559 Romanarum
718 3491 860 3580 quidem
892 3489 1084 3557 litterarum
1117 3510 1157 3557 ea
1192 3510 1333 3579 semper

270 3628 407 3697 fortuna
425 3628 501 3712 fult,
522 3634 561 3696 ut
572 3629 776 3717 optimatum
790 3626 1043 3695 oblectamenta
1060 3626 1185 3710 forent,
1202 3625 1332 3694 nedum

269 3768 313 3835 ad
332 3767 500 3858 populum
520 3767 599 3856 (ista
617 3768 683 3836 fuit
706 3766 910 3834 Graecorum
930 3765 1064 3854 gloria),
1090 3766 1327 3853 pervenirent.

267 3909 450 3997 Nusquam
468 3917 585 3976 nutem
605 3908 687 3976 alias
706 3907 832 3975 arctior
851 3905 894 3972 ad
917 3905 1011 3972 illam
1031 3905 1131 3992 quasi
1150 3903 1327 3972 studioso-

267 4069 347 4116 rum
367 4048 541 4115 ciritatem
567 4047 691 4114 aditus.
718 4045 798 4113 Non
826 4045 969 4131 impuno
999 4046 1080 4110 vcro
1103 4043 1229 4110 litterae
1248 4062 1328 4110 cum

267 4192 393 4280 populo
414 4191 598 4259 divortium
616 4191 759 4276 habent,
775 4197 814 4258 ut
832 4191 868 4257 in
881 4187 1031 4277 quodam
1044 4188 1096 4255 vel
1116 4188 1327 4277 elegantium

265 4332 421 4401 sodalitio
435 4337 662 4400 exerceantur
679 4353 684 4397 :
708 4333 816 4420 major
828 4330 884 4398 illa
904 4351 960 4398 res
976 4330 1080 4419 quum
1093 4336 1129 4397 ut
1143 4332 1178 4397 in
1198 4349 1325 4416 paucos
