3210 5220
713 651 886 717 ..gr-

266 845 343 911 tolae
361 845 404 911 ad
434 845 590 912 Tacitum
613 848 751 935 scriptae
769 849 926 916 fuerint‘l
948 846 1105 928 Quarum
1127 849 1164 916 in
1187 851 1328 938 priore:

272 1008 285 1046 <l
312 982 456 1050 Ridebis
475 988 510 1050 et
534 983 614 1051 licet
631 984 745 1052 rideas
765 1006 771 1049 :
795 1004 859 1074 ego
878 985 935 1052 ille
967 1004 1073 1072 quem
1096 986 1199 1071 nosti,
1227 1007 1330 1074 apros

268 1126 351 1204 treS,
371 1119 560 1208 etquidem
585 1121 839 1208 pulcherrimos
859 1122 946 1210 cepi.
974 1121 1077 1210 Ipse‘l
1095 1123 1212 1210 inquis
1228 1144 1236 1207 ;
1254 1124 1334 1219 ipso

268 1261 310 1350 (l.
332 1259 402 1348 69).
421 1284 434 1325 »
458 1259 502 1329 Se
516 1267 681 1349 tanquam
694 1263 785 1330 risus
805 1262 987 1330 materiam
1000 1262 1112 1330 amico
1129 1262 1275 1349 praebet,
1294 1271 1337 1339 et,

267 1400 342 1487 ipse
384 1418 484 1466 suam
521 1398 634 1466 illudit
671 1399 856 1485 inertiam,
900 1419 1015 1466 nonne
1058 1399 1107 1466 ibi
1141 1400 1327 1489 vestigium

267 1524 440 1626 quoddam
459 1540 601 1608 urbana
622 1541 844 1609 cavillationis
863 1544 933 1630 qua
950 1541 1089 1609 Tacitus
1108 1543 1208 1609 istius
1227 1510 1329 1609 scho-

266 1680 375 1748 lastici
393 1681 566 1770 pigritiam
588 1681 747 1768 irriserit,
769 1688 804 1750 et
825 1684 862 1749 in
881 1682 1077 1752 exercendo
1098 1703 1242 1771 corpore
1259 1684 1329 1750 irn-

267 1819 457 1905 peritiam‘l
476 1820 517 1886 In
537 1820 645 1888 altera
669 1827 784 1888 autem
806 1821 979 1908 epistola:
1010 1847 1024 1887 a
1046 1821 1155 1909 Cupio
1175 1841 1329 1911 praecep-

267 1955 311 2020 tis
329 1954 397 2023 tuis
418 1975 551 2041 parere.
579 1979 593 2020 l
621 1957 709 2044 Ergo
740 1961 951 2044 praeceperat
968 1956 1107 2024 Tacitus
1127 1961 1166 2024 ut
1182 1976 1328 2023 venare-

267 2093 351 2160 tur‘l
372 2117 386 2158 t
410 2093 476 2162 Sed
496 2115 661 2182 aprorum
685 2100 777 2163 tanta
799 2095 946 2182 penuria
966 2105 1030 2181 est,
1051 2100 1090 2162 ut
1107 2093 1273 2162 Minervae
1293 2101 1329 2162 et

268 2207 397 2313 Dianae,
411 2249 497 2316 quas
517 2229 567 2296 ais
575 2227 888 2318 paritercolendas,
899 2229 1084 2296 convenire
1098 2248 1169 2296 non
1181 2229 1325 2315 possit.»

269 2366 386 2448 Quum
405 2369 510 2458 igitur
528 2368 666 2436 Tacitus
685 2368 729 2436 ab
747 2365 805 2436 illa
823 2365 986 2439 studendi
1005 2367 1229 2435 continuitate
1244 2366 1331 2434 ami-

269 2527 349 2574 cum
369 2507 546 2575 retrahere
566 2527 636 2574 non
654 2513 785 2595 posset,
799 2507 935 2592 saltem,
950 2506 1148 2590 ulvidetur,
1161 2504 1330 2573 suadebat

268 2655 306 2716 ut
325 2649 483 2718 studeret
504 2651 596 2717 inter
614 2650 826 2734 renaudum,
840 2657 875 2717 et
891 2649 1020 2736 aliquid
1041 2668 1084 2714 ex
1099 2648 1167 2714 ista
1185 2652 1329 2714 conten-

267 2786 361 2854 tione
383 2788 588 2856 remitteret.
607 2789 759 2856 Excusat
778 2792 897 2855 contra
915 2787 1048 2854 Plinius
1067 2784 1159 2873 quod
1178 2778 1272 2852 totus
1286 2783 1330 2850 ad

268 2926 382 2994 studia
410 2927 563 2994 redierit.
589 2951 603 2992 r
624 2927 744 3015 ltaque
765 2928 931 2994 Minervae
949 2928 1086 2994 tantiam
1104 2922 1331 2991 serviendum

268 3069 340 3148 est;
362 3061 507 3130 delicate
527 3068 657 3147 tamen,
679 3063 765 3130 utin
784 3082 927 3130 secessu
946 3067 981 3129 et
998 3065 1117 3130 aestate
1138 3059 1211 3149 (IX.
1229 3056 1323 3147 10).»

357 3273 447 3340 Illud
466 3276 547 3340 vero
563 3273 730 3340 notabile:
753 3273 814 3362 qui
837 3278 982 3340 caeteros
1001 3272 1144 3341 clientes
1156 3271 1199 3341 ad
1213 3269 1331 3361 gloriae

268 3433 367 3500 spem
396 3412 545 3497 excitat,
578 3419 613 3480 et
643 3433 724 3480 cum
758 3373 944 3480 securitate
967 3412 1116 3501 quadam
1145 3413 1331 3500 plerosque

270 3566 463 3633 amicorum
476 3563 520 3632 ad
532 3563 842 3648 immortalitatem,
861 3563 946 3630 dum
958 3564 1032 3651 ipse
1045 3568 1125 3631 ante
1137 3560 1332 3629 studiosum

152 3764 155 3771 .
267 3726 396 3795 agmen
411 3705 583 3793 procedit,
598 3706 728 3774 ducere
744 3704 810 3772 sibi
825 3704 974 3790 videtur,
993 3704 1055 3772 ubi
1071 3704 1189 3772 Tacito
1202 3705 1333 3792 scribit,

268 3865 338 3913 non
352 3845 425 3932 jam
446 3844 514 3912 sibi
531 3845 675 3930 similis,
698 3845 748 3911 illi
766 3845 898 3912 scilicet
917 3865 1036 3914 comes
1054 3844 1246 3930 adhaerere,
1267 3846 1337 3913 imo

269 4010 390 4058 comes
410 3989 574 4073 exterior,
597 3989 680 4057 etin
699 3988 957 4079 illiusvestigiis
976 3989 1098 4058 timide
1112 3990 1156 4058 ad
1168 3990 1338 4058 incertam

268 4132 566 4200 immortalitatem
598 4133 692 4200 eniti.
724 4119 816 4200 Dum
853 4138 950 4222 rogat
979 4138 1018 4201 ut
1043 4133 1198 4201 habitam
1219 4140 1338 4202 contra

268 4274 429 4345 Baebium
448 4275 601 4344 Massam
626 4275 798 4344 actionem
825 4275 962 4343 Tacitus
995 4276 1148 4344 historiis
1178 4278 1332 4364 inserat,

1247 4394 1264 4447 6
