3210 5220
713 624 940 725 -aa-‘

270 862 400 949 videas,
420 864 482 932 sed
505 864 717 952 pugillares3
742 867 871 935 mirum
889 866 1031 955 quidem
1057 867 1087 935 si
1105 868 1180 954 apri
1201 868 1238 935 in
1257 887 1332 936 me-

270 1009 409 1078 ditantis
431 1011 518 1078 retia
536 1009 706 1096 incidant,
724 1011 857 1077 incerta
875 1009 1017 1097 quidem
1035 1011 1175 1079 venanti
1196 1011 1327 1099 praeda,

221 1128 224 1133 ¹
268 1149 388 1238 plenas
406 1154 487 1218 verb
500 1171 597 1219 ceras
616 1151 825 1240 reportabit,
841 1151 925 1239 quid
943 1152 1064 1219 enim‘l
1082 1172 1153 1220 non
1171 1152 1329 1241 praedam

267 1295 429 1372 venatur,
462 1289 525 1358 sed
560 1291 662 1358 silvas
697 1295 732 1359 et
754 1290 997 1376 solitudinem,
1023 1291 1210 1379 ipsumque
1240 1291 1331 1360 illud

267 1425 443 1493 silentium
463 1425 555 1520 quod
577 1426 751 1494 venationi
772 1425 886 1513 datur,
912 1446 1037 1515 magna
1057 1428 1220 1515 cogitanti
1243 1429 1330 1496 inci-

267 1572 421 1635 tamenta
438 1566 533 1655 (1.6).
546 1566 641 1636 Num
654 1567 724 1653 ille,
740 1569 801 1657 qui
812 1589 850 1636 se
862 1569 1039 1637 veteribus
1052 1570 1202 1638 similem
1208 1572 1327 1659 jactat,

268 1707 454 1776 rusticatur
478 1708 569 1776 sicut
595 1706 652 1775 ille
671 1706 766 1793 Cat0,
787 1713 827 1775 ut
854 1713 958 1776 terrae
981 1708 1132 1777 lructum
1153 1709 1326 1799 inspiciat,

269 1868 438 1937 agrosque
465 1848 622 1932 colonos,
641 1847 729 1916 duro
760 1847 988 1937 Romanoque
1006 1869 1116 1935 more,
1138 1853 1328 1920 exerceat‘?

268 1992 336 2077 An,
353 1991 465 2060 Flacci
507 2009 618 2074 more,
644 1995 684 2057 ut
726 1989 993 2078 philosophandi
1031 1991 1149 2065 otium
1178 1995 1326 2077 quaerat,

267 2138 303 2201 et
312 2133 568 2203 sibireddatur‘l
581 2133 753 2200 lmbverb:
764 2153 846 2202 rura
857 2133 906 2200 illi
917 2159 1040 2223 μουσεῖον,
1060 2153 1136 2222 quae
1149 2133 1326 2203 multain-

267 2276 421 2360 veniunt,
431 2272 541 2342 multa
548 2272 679 2340 dictant
690 2272 731 2361 (Ι.
742 2271 791 2362 9).
805 2272 944 2342 Arridet
951 2273 1215 2361 Laurentinum,
1233 2274 1328 2362 quod

269 2428 409 2496 semper
429 2407 478 2475 illi
494 2409 530 2474 in
554 2406 690 2475 reditu:
711 2407 761 2474 ibi
779 2407 874 2475 enim
891 2407 1083 2496 plurimum
1107 2405 1239 2492 scribit,
1260 2426 1327 2475 nec

268 2576 403 2648 agrum,
430 2556 492 2624 sed
517 2577 555 2625 se
578 2558 694 2647 ipsum
720 2557 844 2627 studiis
874 2557 999 2626 excolit
1022 2558 1092 2646 (IV.
1123 2555 1171 2646 6).
1203 2556 1325 2627 Rusti-

268 2697 404 2761 cantem
430 2691 533 2760 subitv
548 2691 856 2779 indignatiuncula,
891 2717 905 2758 a
927 2692 1018 2781 quad
1036 2694 1153 2762 multis
1171 2693 1325 2782 undique

267 2824 477 2893 rusticorum
501 2821 626 2890 libellis
660 2824 894 2911 inquietatur;
915 2844 1003 2912 quos
1022 2825 1195 2914 aliquanto
1213 2826 1324 2915 magis

266 2969 406 3056 invitae,
426 2988 532 3057 quam
547 2988 628 3036 suos
645 2967 739 3058 legit.
763 2991 778 3032 a
804 2969 878 3056 (IX.
906 2967 976 3059 15.)
1002 2969 1183 3038 Interdum
1207 2977 1326 3039 tamen

268 3125 398 3194 equum
418 3105 643 3192 conscendit,
673 3111 708 3174 et
736 3084 1021 3195 patremfamilias
1042 3109 1210 3178 hactenus
1241 3111 1323 3200 agit,

151 3286 152 3290 =
267 3249 360 3338 quod
378 3251 529 3337 aliquam
546 3256 684 3337 partem
699 3249 924 3337 praediorum,
945 3249 1008 3318 sed
1031 3270 1094 3339 pro
1118 3250 1322 3340 gestatione,

266 3391 439 3479 percurrit
469 3391 543 3481 (IX.
573 3392 645 3480 15).
683 3391 926 3483 Negligentem
955 3391 1135 3461 dominum
1165 3391 1327 3461 obsident

158 3547 159 3551 ’
267 3531 417 3620 querelae
439 3533 663 3619 rusticorum,
689 3534 750 3621 qui
793 3529 869 3622 ejus
905 3533 1047 3602 auribus
1075 3539 1154 3621 post
1180 3533 1324 3623 longum

266 3682 404 3765 tempus
428 3676 617 3744 abutuntur
636 3675 724 3765 (Vll.
746 3674 795 3764 3).
822 3675 932 3744 Instat
960 3676 1065 3744 etiarn
1091 3695 1254 3765 agrorum
1273 3678 1325 3745 lo·

268 3814 456 3884 candorem
475 3817 688 3884 necessitas:
710 3815 802 3884 dolet
820 3815 982 3885 dominus
1002 3816 1036 3905 (o
1054 3822 1212 3884 veterem
1225 3815 1324 3884 Cato-

265 3959 321 4026 nis
340 3959 431 4027 circa
443 3959 590 4029 fundum
608 3959 890 4048 parcimoniaml)
905 3962 985 4050 quia
1002 3961 1158 4048 precario
1170 3959 1319 4030 studeat.

266 4096 367 4164 Dolet
394 4098 498 4166 etiam
522 4096 615 4187 quod
646 4096 831 4186 praefectus
850 4093 963 4166 aerarii
992 4096 1112 4191 sedeat
1135 4118 1197 4186 pro
1215 4097 1323 4168 tribu-

266 4237 347 4324 nali,
367 4237 530 4308 subnotet
548 4238 705 4326 tabellas,
727 4237 885 4308 conficiat
903 4236 1050 4324 tabulae,
1071 4237 1199 4307 scribat
1216 4238 1322 4328 pluri-
