3210 5220
781 642 956 713 48-.

333 829 515 900 habeatur.
543 830 663 918 Itaque
699 829 897 899 Herennius
928 830 1065 899 Senicio
1086 828 1233 898 mirifice
1256 828 1398 905 Catonis

333 953 419 1024 illud
442 953 485 1021 de
506 958 641 1022 oratore
660 953 697 1021 in
715 955 809 1023 hunc
837 956 857 1022 e
883 954 1058 1023 contrario
1084 954 1203 1021 vertit:
1234 978 1248 1018 a
1273 953 1401 1022 Orator

330 1094 387 1159 est
402 1091 455 1159 vir
466 1089 577 1159 malus
595 1089 735 1160 dicendi
747 1092 930 1182 imperitus
948 1092 1019 1182 (IV.
1038 1091 1088 1179 7).
1110 1115 1123 1156 1
1141 1090 1241 1174 Quod
1257 1080 1395 1182 Regulo

332 1222 405 1285 tarn
433 1218 660 1287 vehementer
694 1219 907 1311 indignetur,
936 1239 1008 1288 non
1035 1217 1198 1308 equidem
1223 1217 1396 1302 admiror3

332 1378 409 1448 quae
427 1359 523 1426 enim
543 1358 724 1427 carissima
743 1364 863 1429 nostro
881 1359 1036 1444 fuerunt,
1062 1357 1201 1427 laeserat
1218 1357 1396 1448 Regulus3

332 1493 413 1563 hinc
446 1494 540 1562 enim
565 1494 758 1563 amicorum
793 1494 1049 1564 honestissimis
1085 1493 1232 1563 infestus
1262 1494 1395 1579 luerat;

328 1632 423 1702 illinc
452 1635 561 1725 ipsius
597 1634 831 1724 eloquentiam
866 1639 1018 1703 verterat
1047 1634 1084 1701 in
1113 1632 1320 1702 ridiculum:
1360 1638 1398 1703 et

330 1770 429 1842 illum
449 1774 509 1863 qui
527 1772 656 1863 aliquid
679 1775 713 1841 in
732 1774 856 1843 litteris
881 1774 983 1863 sapit,
1003 1772 1058 1841 vel
1080 1771 1292 1861 ultraquam
1312 1775 1397 1841 satis

328 1909 385 1971 est
405 1905 615 1974 irascentem
646 1925 789 1989 excuso,
817 1925 927 1993 quum
953 1903 1097 1973 stultum
1126 1923 1146 1971 a
1183 1903 1299 1991 stultis
1336 1909 1398 1974 aut

335 2040 498 2112 officiosis
534 2026 714 2114 laudatum
759 2043 866 2111 videt.
904 2041 1044 2110 Mallem
1085 2046 1204 2110 tamen
1244 2039 1393 2127 Plinius,

328 2179 460 2248 omissa
477 2181 548 2266 illa,
569 2187 707 2250 mortuo
726 2201 849 2270 puero,
871 2179 998 2249 doloris
1025 2179 1266 2266 ostentatione,
1291 2179 1395 2247 aliam

243 2379 265 2396 „
329 2312 526 2384 lacessendi
555 2319 775 2386 occasionem
813 2318 1036 2405 arripuisset,
1061 2316 1203 2384 mallem
1227 2290 1332 2383 etiam
1357 2315 1395 2382 in

329 2450 435 2518 talem
450 2452 561 2519 virum
574 2452 763 2540 quamdam
775 2453 812 2520 in
827 2452 1082 2521 contemnendo
1095 2451 1391 2539 tranquillitatem,

328 2587 436 2675 quarn
447 2589 544 2656 illum
560 2589 762 2680 indignandi
772 2591 955 2678 impetum.
971 2590 1094 2680 Neque
1107 2591 1201 2658 enim
1220 2589 1389 2677 optimum

328 2728 385 2789 est
419 2725 621 2793 constantiae
657 2723 839 2810 indicium,
880 2726 910 2792 si
944 2725 1115 2793 irascaris.
1153 2724 1390 2792 Firmissimus

329 2851 386 2919 ille
405 2854 476 2942 qui,
498 2853 631 2922 consilii
652 2861 779 2941 certuS,
804 2824 875 2922 non
896 2854 964 2922 sibi
988 2855 1087 2943 quasi
1104 2853 1199 2922 addit
1216 2852 1387 2940 stimulos,

327 2994 394 3062 sed
410 2997 508 3065 vultu
528 3017 591 3065 suo
609 3017 686 3066 rem
705 2996 932 3065 deliberatam
950 2995 1099 3086 perficit,
1120 3002 1156 3064 et
1180 2995 1390 3064 dehortanti·

328 3122 407 3211 bus,
440 3129 529 3196 sicut
553 3129 610 3196 1116
636 3129 803 3198 Corellius
835 3149 856 3197 a
878 3127 989 3196 Plinio
1007 3128 1178 3215 laudatus,
1202 3131 1390 3220 respondet

328 3282 425 3352 κέκρκκκ
446 3265 487 3355 (Ι.
506 3264 579 3355 l‘l).
601 3267 681 3336 Non
699 3288 740 3335 ea
757 3267 860 3334 Plinii
880 3266 1044 3335 firmitas:
1064 3269 1112 3336 ita
1134 3267 1218 3336 dum
1237 3270 1280 3338 de
1311 3293 1390 3361 per·

325 3390 509 3479 sequenda
528 3391 677 3459 Helvidii
692 3394 824 3462 ultione
849 3395 1030 3483 cogitabat,
1060 3415 1137 3463 rem
1157 3396 1200 3463 ad
1224 3398 1389 3468 eumdem

328 3521 421 3590 hunc
440 3522 640 3608 Corellium,
658 3531 777 3593 contra
795 3526 947 3612 solitum,
962 3549 1033 3595 non
1051 3529 1180 3613 retulit,
1193 3531 1323 3599 veritus
1342 3552 1388 3601 ne

327 3670 459 3732 vetaret
477 3664 551 3754 (IX.
573 3663 642 3755 13).
664 3666 917 3736 Honestissima
931 3669 1074 3757 quidem
1091 3670 1155 3737 viri
1168 3674 1358 3741 constantia
1376 3694 1384 3758 ;

329 3804 429 3873 deest
451 3811 567 3873 autern
594 3805 651 3874 illa
675 3809 843 3875 securitas
874 3829 952 3897 quae
978 3812 1208 3878 constantiam
1245 3821 1388 3884 exornat

324 3945 430 4030 atque
450 3947 684 4028 consummat3
704 3942 786 4011 huic
800 3949 919 4011 contra
937 3944 1248 4018 subestturbidum
1268 3952 1386 4019 nescio

326 4081 410 4170 quid
429 4091 464 4150 et
481 4084 642 4167 anubim,
663 4103 745 4168 nec,
758 4090 797 4152 ut
815 4085 863 4152 ita
881 4085 1007 4173 dicam,
1023 4087 1144 4158 altiora
1163 4112 1227 4180 per
1244 4091 1386 4181 planum

310 4219 408 4305 adit,
422 4219 781 4309 sedimpctuquodam
794 4222 836 4290 ad
854 4243 894 4291 ea
908 4245 985 4292 sese
999 4226 1125 4294 excitat
1138 4233 1240 4316 atque
1254 4229 1382 4297 evehit.
