3210 5220
740 674 915 743 ..74-

272 873 313 934 ut
331 868 390 955 qui
407 868 497 936 vinci
512 868 606 953 velit,
627 875 661 936 et
686 868 773 959 fugit
799 867 952 956 quidem,
974 872 1096 938 verum
1118 870 1162 939 ad
1189 872 1329 941 salices.

272 1007 352 1095 lpse
370 1008 521 1098 alioquin
538 1010 632 1079 illam
651 1010 945 1098 comparationem
974 1015 1182 1080 coeterorum
1212 1015 1331 1083 animo

271 1150 420 1218 libenter
435 1154 470 1217 et
487 1149 586 1237 quasi
611 1150 743 1216 temere
766 1148 894 1235 injicit,
919 1149 978 1234 ita,
1002 1148 1087 1218 dum
1106 1159 1224 1221 narrat
1244 1173 1331 1241 quo-

186 1361 208 1371 ,
272 1288 375 1357 modo
399 1287 568 1357 adductus
602 1286 706 1356 luerit
727 1292 766 1355 ut
794 1289 986 1356 versiculos
1024 1293 1196 1375 tentaret,
1230 1313 1331 1362 novre

272 1434 372 1501 istius
391 1431 588 1502 ambitionis
617 1436 788 1524 originem
817 1434 925 1502 fuisse
956 1438 1128 1501 memorat
1157 1435 1334 1523 quoddam

271 1577 447 1645 Ciceronis
465 1577 502 1642 in
520 1576 683 1645 Tironem
712 1577 927 1666 epigramma
951 1575 1049 1664 (VII.
1083 1574 1140 1665 4).
1175 1576 1332 1664 Regulus

270 1713 340 1800 ille,
365 1712 408 1779 de
427 1733 495 1800 quo
514 1719 615 1781 antea
634 1713 765 1782 dictum
784 1719 848 1798 est,
870 1712 987 1781 Nerve
1004 1714 1172 1804 principe,
1199 1715 1237 1781 in
1255 1735 1333 1803 gra-

272 1853 354 1921 tiam
375 1873 455 1922 cum
468 1853 579 1921 Plinio
595 1854 709 1922 redire
728 1853 845 1938 voluit,
866 1859 1066 1942 tentatoque
1086 1873 1150 1943 per
1169 1874 1330 1925 commu-

269 2016 352 2064 nem
372 1998 524 2065 amicum
548 1998 675 2083 anime,
703 1997 802 2066 illum
826 1998 1009 2083 eonvenit3
1037 1997 1156 2066 multae
1186 1998 1329 2086 quidem

269 2142 381 2212 Plinio
399 2145 435 2212 in
448 2144 623 2234 Regulum
641 2145 772 2213 irarum
796 2165 932 2214 causae:
953 2144 1011 2212 ille
1030 2144 1217 2213 Rusticum
1242 2146 1329 2213 Aru-

268 2284 401 2372 lenum,
426 2287 568 2354 recitato
599 2286 728 2372 libelle,
750 2287 969 2355 contumeliis
1004 2287 1194 2355 insectatus
1225 2293 1326 2373 erat3

268 2426 385 2514 ipsum
403 2427 554 2496 Plinium
567 2449 696 2517 nuper,
716 2435 883 2516 regnante
902 2427 1112 2512 Domitiano,
1132 2427 1225 2516 apud
1244 2430 1329 2496 cen-

270 2567 437 2636 tumviros
457 2567 647 2655 capitaliter
657 2567 878 2635 lacessiverat
891 2588 899 2632 :
913 2566 1013 2654 quale
1027 2569 1108 2633 vero
1121 2571 1200 2633 ante
1212 2569 1329 2636 omnia

268 2709 413 2797 crimen,
426 2715 544 2800 utpote
558 2674 812 2799 gravissimum,
828 2708 1015 2780 dissolvere
1027 2712 1137 2775 tentat
1155 2706 1213 2775 ille
1232 2706 1330 2799 bipe-

269 2850 353 2920 dum
373 2852 623 2942 nequissimus,
657 2852 720 2920 sed
746 2851 851 2919 etiam
877 2848 1113 2918 vaferrimus?
1143 2851 1197 2916 An
1231 2850 1326 2919 illata

268 2979 401 3066 amicis,
421 2978 514 3048 illata
530 2980 597 3069 ipsi
609 2977 785 3069 pericula‘l
800 2978 870 3045 imo
883 2981 1012 3062 contra,
1029 2974 1201 3045 inflictum
1217 2977 1328 3066 ipsius

268 3117 409 3185 vanitati
418 3117 542 3187 vulnus
569 3140 576 3185 :
602 3119 648 3187 ait
666 3119 790 3186 timere
815 3137 853 3184 se
874 3135 919 3183 no
938 3117 1053 3183 animo
1071 3115 1175 3183 Plinii
1189 3117 1329 3186 haereat

268 3253 360 3338 quod
378 3254 415 3323 in
430 3255 668 3324 centumvirali
685 3254 814 3343 judicio
836 3236 1019 3344 aliquando
1051 3253 1189 3340 dixerit,
1218 3275 1328 3342 quum

267 3394 496 3483 responderet
512 3397 622 3465 Plinio
636 3403 671 3465 et
682 3397 792 3466 Satrio
810 3395 901 3464 Rufo
918 3417 925 3461 :
950 3419 964 3461 l
985 3394 1114 3464 Satrius
1137 3396 1264 3482 Rufus,
1292 3405 1329 3467 et

269 3532 324 3600 cui
349 3539 403 3602 est
422 3555 503 3604 cum
521 3536 686 3606 Cicerone
709 3538 894 3623 aemulati0,
920 3543 954 3605 et
973 3543 1155 3607 contentus
1178 3559 1249 3606 non
1274 3543 1328 3606 est

268 3663 463 3754 eloquentie
487 3667 604 3735 saeculi
623 3669 743 3735 nostri.
766 3691 780 3732 r
802 3668 926 3755 Neque
945 3672 1049 3758 negat
1071 3666 1229 3753 Plinius3
1263 3665 1327 3733 sed

267 3803 376 3870 libere
407 3809 441 3870 et
470 3802 634 3871 audacter
652 3804 869 3892 respondet:
907 3829 921 3871 r
948 3806 1009 3873 Est
1027 3806 1192 3893 inquam,
1238 3804 1327 3873 milri

268 3966 348 4012 cum
368 3944 534 4013 Cicerone
554 3944 726 4013 aemulatio
746 3944 855 4034 (1.5).
877 3968 890 4009 v
