3210 5220
694 690 870 756 ..95-

246 886 344 953 nium
372 885 533 954 insuam
559 884 800 953 defensionem
827 885 970 973 profert.
999 886 1059 952 Est
1079 886 1239 974 quaedam
1266 889 1311 956 ad'

245 1027 410 1096 Titinium
429 1026 633 1116 Capitonem
654 1027 811 1117 epistola,
839 1026 1046 1096 suadentem
1067 1033 1106 1095 ut
1128 1029 1310 1098 historiam

245 1168 379 1236 Plinius
409 1167 650 1256 aggrediatur:
686 1172 869 1235 cunctatur
903 1168 1045 1256 quidem
1079 1168 1225 1254 Plinius,
1262 1171 1311 1237 ita

245 1307 350 1374 etiam
371 1310 553 1373 cunctatus
576 1311 686 1374 estut
710 1326 890 1394 nunquam
917 1327 992 1375 rem
1012 1308 1206 1375 tentaverit.
1227 1308 1309 1376 Haec

245 1452 362 1513 autem
383 1445 529 1535 epistola
562 1466 603 1512 eo
621 1452 779 1534 tempore
799 1447 927 1534 scripta
948 1446 1085 1515 videtur
1108 1468 1175 1534 quo
1201 1448 1309 1516 Taciti

244 1584 407 1654 Historiae
427 1606 509 1654 cum
528 1587 669 1653 summa
690 1585 874 1655 hominum
887 1586 1114 1655 admiratione
1133 1589 1170 1656 in
1192 1589 1307 1676 publi-

244 1710 325 1799 cum
356 1730 620 1798 emittebantur.
654 1730 812 1817 Plinius,
849 1733 906 1799 cui
936 1731 1031 1800 nulla
1063 1733 1214 1820 invidia,
1246 1737 1309 1804 sed

243 1890 382 1938 summa
413 1870 624 1957 optimorum
640 1870 842 1955 'aemulati0,
874 1870 1049 1954 studiosis,
1086 1875 1125 1939 ut
1157 1870 1305 1958 videtur,

241 2017 400 2084 nuntiare
418 2016 514 2104 cupit
537 2020 572 2082 et
589 2035 609 2081 a
628 2034 665 2081 se
684 2014 864 2082 historiam
883 2034 986 2102 posse
1010 2013 1206 2101 conscribi3
1229 2031 1308 2083 rem·

242 2155 394 2244 alioquin
412 2154 654 2237 domesticam,
683 2173 794 2241 quum
812 2152 1022 2240 avunculus,
1054 2152 1218 2243 idemque
1244 2175 1307 2242 per

242 2299 463 2387 adoptionem
482 2301 593 2385 pater,
615 2295 792 2379 historias,
819 2299 855 2361 et
879 2293 1022 2381 quidem
1045 2294 1306 2383 religiosissime

243 2436 442 2526 scripserit;
475 2454 591 2523 neque
628 2434 763 2521 ignotas
800 2434 868 2521 ipsi
904 2434 1022 2523 operis
1051 2433 1169 2524 leges3
1200 2453 1306 2523 posse

238 2581 389 2668 denique
401 2579 479 2647 sveri
496 2584 549 2665 ut,
569 2598 679 2666 quum
692 2577 913 2646 orationesin
926 2578 1062 2667 magnis
1075 2578 1308 2668 gravibusque

240 2718 353 2788 causis
384 2715 521 2784 habitas
539 2715 792 2799 retractaverit,
811 2734 938 2782 novam
962 2715 1096 2803 etipse
1122 2715 1307 2782 materiam

239 2861 382 2947 attingat
405 2854 459 2947 (v.
489 2855 539 2943 8)..
564 2855 649 2923 Haec
677 2860 809 2934 autem,
829 2852 1005 2940 quomodo
1022 2851 1181 2941 pluribus
1205 2873 1307 2921 com-

238 2996 426 3066 munioet‘l
455 2995 582 3065 Facilis
603 2996 683 3062 via:
712 2993 837 3062 Titinio
862 2993 1019 3082 Capitoni
1041 3013 1104 3082 per
1123 2995 1304 3081 epistolam

238 3135 441 3225 respondet.
466 3134 529 3202 Ille
562 3138 680 3202 autem
709 3132 828 3220 Capito
858 3132 991 3200 litteras
1023 3152 1161 3200 summo
1184 3153 1303 3202 amore

237 3271 379 3357 fovisse,
398 3292 469 3340 non
487 3274 568 3339 vero
587 3273 635 3339 ita
655 3272 803 3340 feliciter
833 3271 982 3339 coluisse
1016 3271 1172 3355 videtur,·
1204 3277 1240 3340 et
1264 3275 1304 3340 eb
1381 3286 1384 3291 ·

238 3413 349 3501 magis
377 3413 416 3480 in
450 3412 730 3499 eloquentissimi
760 3412 864 3480 amici
892 3431 1011 3479 amore
1046 3418 1082 3480 et
1109 3412 1308 3482 reverentia

239 3557 477 3645 exsultavisse,
513 3564 581 3648 quo
614 3562 733 3629 minus
768 3561 844 3649 ipse
873 3560 1041 3647 eloquens
1073 3561 1180 3649 (VIII.
1217 3559 1302 3647 la);

237 3716 362 3786 magua
390 3702 509 3766 autem
533 3700 607 3768 viro
633 3702 670 3768 in
693 3699 781 3768 urbe
814 3699 946 3786 gratia,
978 3699 1307 3789 frequentissimum

238 3858 319 3907 cum
347 3840 511 3907 omnibus
544 3841 709 3909 studiosis
740 3841 1013 3927 commercium;
1046 3841 1163 3910 nullus
1199 3842 1304 3932 igitur

237 3980 386 4048 inveniri
404 3986 542 4069 poterat
562 3983 622 4072 qui
639 3982 808 4071 praeconis
831 3987 949 4071 partes
960 3983 1124 4053 libentius
1142 3985 1306 4053 utiliusve

145 4179 166 4221 ἶ
238 4126 368 4210 ageret.
398 4121 539 4191 Scilicet
556 4124 624 4191 illis
640 4126 713 4212 jam
733 4124 953 4214 temporibus
971 4124 1139 4193 usitatum
1158 4131 1244 4212 erat,
1264 4132 1305 4194 ut

237 4266 268 4332 si
286 4265 364 4353 quis
385 4287 462 4335 rem
488 4267 666 4355 publicare
693 4268 815 4353 vellet,
839 4268 1019 4357 epistolam
1049 4268 1204 4336 officioso
1225 4271 1305 4339 cui-

237 4400 319 4495 dam
331 4405 443 4474 amico
455 4405 636 4495 scriberet,
658 4426 734 4495 quae
753 4406 797 4476 ab
814 4405 977 4475 omnibus
1001 4407 1187 4497 legeretur.
