3210 5220
663 582 838 650 ,45-

215 779 382 868 quidquid
401 798 577 846 morosum
595 784 687 846 esset
706 785 765 847 aut
780 779 989 846 invidiosum
1002 784 1125 867 sponte
1139 780 1279 882 vitaret,

215 925 313 987 sueta
331 920 366 985 in
386 917 511 985 mediis
525 919 728 1001 consistere,
750 919 810 986 ubi
831 919 924 986 nulla
945 919 1150 1006 cujusquam
1170 919 1279 986 oflen-

213 1057 275 1122 sio.
290 1055 417 1146 Magna
435 1056 577 1144 quidem
595 1056 700 1125 Plinii
717 1058 761 1125 ad
781 1077 882 1126 casus
902 1058 1073 1126 humanos
1094 1058 1278 1143 mollities3.

210 1196 389 1285 praevaluit
423 1203 540 1265 tamen
576 1198 612 1265 in
649 1197 835 1285 judicanda
870 1197 1053 1265 hominum
1076 1197 1272 1266 conditione

157 1377 159 1381 >
209 1337 422 1426 benignitas3
453 1339 591 1425 vitaque
613 1338 849 1425 indulgentius
874 1338 1000 1406 fruitus
1031 1344 1102 1421 est,
1134 1343 1266 1409 nedum

209 1481 397 1548 criminose
417 1483 618 1570 corriperet.

222 1653 443 1742 -Virginium
476 1654 607 1723 Rufum
645 1654 755 1722 Plinio
792 1660 942 1722 tutorem
975 1655 1112 1722 fortuna
1145 1655 1266 1723 dedit:

207 1799 344 1886 utrique
359 1798 482 1866 eadem
496 1799 602 1887 regio,
615 1799 804 1888 municipia
819 1798 977 1882 finitima,
988 1799 1060 1888 agri
1074 1799 1177 1866 etiarn
1193 1819 1270 1886 poe-

204 1941 450 2028 sessionesqne
463 1942 655 2029 conjunctae
674 1939 783 2028 (2.1).
802 1939 864 2008 Vir
885 1939 1033 2029 publicis
1056 1941 1280 2029 privatisque,

205 2081 387 2150 virtutibus
408 2082 566 2172 insignis,
588 2088 622 2149 et
636 2081 815 2170 exemplar
833 2082 898 2150 aevi
916 2082 1054 2170 prioris,
1071 2083 1143 2169 qui,
1159 2103 1268 2170 quum

203 2222 269 2290 suh
299 2223 447 2291 Neronis
479 2224 610 2291 exitum
628 2222 846 2291 Germanicis
864 2221 1059 2310 legionibus
1079 2232 1278 2310 praeesset,..

203 2364 391 2453 imperium
420 2385 486 2432 nee
510 2366 585 2455 ipse
613 2367 792 2453 suscipere
817 2364 948 2450 voluit,
972 2384 1037 2432 neo
1061 2366 1132 2453 pati
1158 2370 1197 2433 ut
1223 2366 1278 2433 ad·

203 2504 309 2573 alium
328 2506 436 2594 quam
453 2526 560 2594 quem
581 2476 721 2574 senatus
746 2506 968 2590 destinasset,
995 2506 1241 2576 transferretur
1255 2530 1268 2574 :.

201 2647 416 2735 principibus
436 2647 562 2716 deinde
589 2653 732 2737 propter
755 2646 895 2734 gloriam
920 2652 1125 2733 suspectus,
1151 2648 1266 2716 militi·

201 2785 267 2854 bus
288 2788 392 2855 etiam
413 2807 499 2875 quos
519 2787 721 2873 fastidierat,
735 2787 881 2870 invisuS,
902 2786 1085 2873 permulta
1098 2787 1264 2874 pericula,

201 2930 239 2995 in
256 2933 392 2998 summa
412 2931 566 2998 omnium
580 2930 819 3016 admiratione,
841 2930 1011 3016 usquead
1031 2929 1157 2997 Nervae
1175 2933 1267 3018 prin·
1357 2999 1362 3009 ,

201 3073 354 3160 oipatum
379 3073 486 3140 vitam
512 3073 687 3162 produxit,
712 3078 881 3160 tanquam
905 3071 949 3138 ad
971 3070 1103 3159 publici
1132 3071 1272 3141 funeris.

198 3213 368 3281 honorem
401 3219 611 3282 reservatus.
645 3213 679 3280 Is
709 3214 746 3280 in
777 3213 930 3282 Plinium
960 3211 1124 3282 allectum
1154 3180 1263 3302 patris

197 3354 373 3440 exhibuit,
406 3375 558 3442 eumque
589 3354 692 3440 fouit,
725 3355 879 3443 protulit,
912 3359 1110 3423 senatorem
1141 3362 1267 3444 praeto·

195 3497 358 3585 numque
377 3496 529 3585 reliquit.
565 3496 677 3565 Grave
696 3496 780 3565 illud
799 3498 911 3566 Plinio
935 3498 1149 3588 exemplum,
1176 3519 1264 3587 prae-

195 3658 347 3725 sensque
375 3639 417 3705 ad
443 3640 607 3706 virtutem
641 3638 856 3728 gloriamque
885 3660 950 3728 per
978 3641 1143 3709 honestas
1171 3647 1271 3710 artes-

195 3779 464 3849 eonseetandam
478 3781 752 3850 hortamentum.
769 3783 897 3851 Noster
915 3782 1009 3850 enim
1026 3763 1170 3851 laudum
1194 3785 1263 3852 avi·

195 3922 372 4008 dissimuS,
408 3944 474 4013 nelo
502 3923 671 3992 honestus
704 3923 827 4009 moda,
859 3923 923 3992 sed
955 3924 1015 4011 qui
1042 3923 1266 3993 honestatem

193 4064 385 4151 approbare
404 4070 561 4153 cuperet,
588 4069 682 4133 tanto
708 4066 820 4154 magis
845 4085 970 4133 cereus
989 4065 1033 4133 ad
1058 4065 1263 4153 exemplum

194 4208 286 4275 etad
304 4185 533 4277 imitationem
552 4208 673 4278 facilis.
697 4208 792 4278 illius
806 4209 1108 4278 commendatione
1121 4209 1269 4298 optimis
