3210 5220
783 608 958 675 ..ffi-

339 800 524 891 aliquando
544 805 745 872 constantia.
761 800 1049 871 Adolescentulus
1072 807 1193 868 contra
1206 802 1405 889 potentissi-

341 959 419 1008 mos
454 941 598 1009 civitatis
621 947 724 1031 atque
750 943 854 1010 etiam
884 941 1030 1010 Caesaris
1054 941 1184 1009 amicos
1209 942 1246 1008 in
1272 941 1405 1029 Judicio

341 1092 496 1157 steterat.
539 1089 588 1177 (Ι,
604 1088 661 1179 18)
694 1089 864 1158 Saeviente
902 1089 1111 1175 Domitiam,
1145 1089 1180 1156 in
1197 1090 1407 1158 memoriam

341 1221 549 1308 occisorum,
564 1223 645 1290 etin
660 1220 1182 1312 relegatorumamicitiamfidus
1196 1224 1403 1311 permansit.

340 1359 495 1428 Baebium
514 1361 680 1449 Massam,
700 1363 849 1432 Marium
872 1363 1033 1432 Priscum
1052 1362 1278 1451 proconsules
1297 1382 1406 1431 accu-

342 1495 440 1564 savit.
453 1495 637 1586 Nusquam
650 1503 767 1566 autem
780 1499 992 1566 constantius
1009 1498 1080 1587 egit
1090 1518 1196 1586 quam
1209 1497 1246 1565 in
1258 1495 1412 1564 Helvidii

341 1625 491 1694 ultione:
511 1632 630 1696 auctor
653 1630 774 1698 mortis
792 1629 968 1698 Publicius
997 1628 1133 1716 CertuS,
1158 1629 1231 1718 qui,
1266 1633 1409 1696 mortuo

343 1757 551 1848 Domitiano,
576 1765 710 1855 magnis
737 1765 842 1834 fultus
871 1764 1032 1834 amicitiis
1073 1780 1176 1832 omne
1209 1761 1408 1851 periculum

343 1889 505 1981 effugisse
523 1897 716 1967 videbatur.
736 1899 826 1967 Tum
842 1918 966 1966 recens
981 1896 1136 1983 libertas,
1156 1901 1203 1983 et,
1225 1894 1291 1964 sub
1315 1914 1406 1962 novo

342 2032 761 2125 prinoipe,quasitimida;
775 2037 940 2106 hesterna
952 2035 1066 2105 adhuc
1078 2036 1225 2104 servitus
1240 2055 1249 2122 ;
1272 2035 1407 2103 incerta

344 2190 425 2259 spes
437 2174 559 2262 loturi,
576 2183 691 2268 optata
699 2179 816 2246 multis
828 2179 1083 2267 praeteritorum
1096 2176 1284 2266 impunitas
1300 2197 1308 2242 ι
1324 2175 1406 2244 Cer-

345 2301 419 2366 tum
434 2307 740 2374 tamenconsulem
757 2306 977 2397 designatum
991 2306 1126 2374 Plinius
1138 2306 1229 2373 inter
1242 2304 1406 2373 cunctan-

344 2445 398 2508 tes
421 2442 712 2538 dehortantesque
736 2451 920 2535 accusavit,
950 2455 1179 2536 senatumque
1206 2446 1347 2514 tandem
1370 2446 1406 2513 in

346 2587 546 2655 constantiae
574 2587 802 2656 imitationem
827 2587 1130 2675 laudationemque
1156 2585 1298 2653 adduxit
1323 2584 1402 2673 (IX.

344 2725 415 2814 13).
430 2728 482 2795 Ita
499 2703 563 2813 vir,
577 2729 692 2796 animo
705 2728 943 2815 mollissimus,
966 2728 1025 2815 qui
1042 2727 1126 2794 nihil
1143 2726 1258 2794 acrius
1271 2730 1405 2813 optaret

344 2869 450 2958 quam
478 2869 598 2956 amari,
620 2888 834 2956 omnemque
856 2866 1040 2954 cujuslibet
1061 2864 1290 2933 offensionem
1308 2865 1403 2932 refu-

344 3006 453 3097 geret,
463 3006 627 3075 honestas
643 3005 801 3095 aliqando
812 3002 1140 3089 offensassusoepit3
1161 3007 1258 3069 ratus
1272 3001 1406 3069 scilicet

282 3177 284 3182 v
346 3145 421 3212 illos
433 3145 632 3213 firmissime
656 3145 764 3212 amari
782 3145 839 3231 qui
862 3142 1013 3210 maxime
1032 3140 1240 3228 probantur:
1271 3137 1402 3224 rideo,

284 3316 287 3322 v
347 3283 470 3372 inquit,
485 3285 522 3349 in
539 3284 725 3371 praesentia
736 3302 796 3350 eos
820 3280 946 3368 quibus
959 3279 1089 3347 resistit
1101 3275 1259 3363 offendit3
1278 3276 1404 3346 deinde

348 3431 384 3494 et
400 3424 444 3493 ab
456 3424 524 3492 illis
535 3424 618 3513 ipsis
631 3424 817 3512 suspicitur
828 3422 1072 3509 laudaturque.
1090 3442 1104 3484 r
1129 3419 1205 3508 (III.
1220 3417 1269 3506 9).

395 3723 400 3735 .
435 3671 525 3740 Nota
554 3671 657 3738 Plinii
691 3670 727 3736 in
749 3667 924 3758 Regulum
953 3665 1145 3749 inimicitia,
1177 3683 1218 3730 eo
1247 3668 1405 3749 ternpore

348 3817 521 3900 suscepta,
535 3832 615 3900 quo,
627 3814 795 3901 regnante
813 3807 1021 3893 Domitiano,
1040 3802 1197 3893 Regulus
1210 3805 1246 3869 et
1262 3801 1405 3889 optimis

349 3956 451 4023 Plinii
471 3955 603 4040 amiciS,
628 3960 663 4022 et
679 3953 747 4042 ipsi
763 3950 874 4019 Plinio
899 3946 1053 4038 pericula
1071 3951 1145 4012 turn
1168 3942 1403 4019 lacessiverat,

349 4099 424 4161 tum
445 4092 651 4160 minabatur.
674 4091 802 4159 Ererso
820 4093 937 4156 autem
956 4086 1102 4153 scelesto
1120 4081 1287 4171 principe,
1307 4079 1403 4168 vige-

349 4237 432 4304 bant
456 4235 579 4320 adbuc,
605 4241 643 4305 ut
665 4234 715 4320 sn,
742 4236 778 4302 in
803 4233 909 4317 Urbe,
936 4231 996 4318 qui
1022 4229 1159 4297 scelesti
1186 4227 1402 4315 principatus
