3210 5220
829 634 983 701 ..2-

375 860 489 926 diores
528 863 646 924 tamen
692 854 735 922 ad
785 857 1006 922 severitatem
1053 859 1211 950 posteros
1250 856 1434 921 invenerit.

375 986 539 1068 Paratum
557 997 613 1065 ille
633 996 831 1100 exemplum
852 995 1014 1063 omnibus
1034 996 1093 1082 qui
1112 994 1241 1083 aliquid
1258 996 1295 1061 in
1312 995 1439 1062 studiis

373 1142 503 1211 iaciunt
523 1163 535 1209 :t
558 1139 682 1206 docent
719 1139 783 1204 viri
809 1138 967 1220 virtutos,
1002 1136 1103 1204 docet
1138 1136 1245 1204 otiam
1281 1136 1311 1202 si
1350 1137 1436 1222 quid

370 1285 537 1372 peccavit.
570 1282 694 1349 Nonne
725 1282 830 1368 igitur
855 1283 932 1368 Juro
956 1287 1073 1348 nostro
1097 1301 1200 1368 agero
1223 1280 1437 1362 videbimur,

371 1426 401 1492 si
433 1424 475 1490 do
503 1423 576 1488 viro
607 1421 802 1488 litterarum
831 1420 1080 1504 amantissime,
1108 1420 1176 1506 ipsi
1208 1419 1331 1486 litteris
1361 1415 1432 1487 toto

367 1567 508 1650 pectore
529 1560 645 1646 dediti,
665 1560 849 1647 anquirere
868 1556 1102 1626 tentabimus?
1115 1558 1166 1626 De
1185 1579 1254 1646 quo
1274 1560 1436 1647 quidem,

368 1703 530 1791 quamvis·
550 1702 672 1770 tritum
701 1703 768 1769 iter
801 1701 1037 1790 ingredientes
1063 1720 1132 1767 non
1157 1701 1313 1789 impellat
1342 1722 1438 1790 nova,

366 1842 564 1910 inveniendi
591 1841 728 1925 fiducia,
772 1841 833 1908 ubi
869 1841 1108 1928 opportunius,
1142 1839 1202 1907 ubi
1230 1841 1435 1908 excusatius

366 1977 489 2044 disseri
508 1983 633 2065 potest,
658 1997 764 2064 quam
786 1976 824 2042 in
847 1976 913 2042 hac
937 1974 1120 2042 subeunda
1140 1973 1231 2062 apud
1249 1973 1435 2043 litteratis-¹

317 2100 319 2103 ⁵
366 2113 473 2179 simos
486 2128 615 2198 δοκιμασίᾳ
629 2112 646 2177 ‘l
667 2112 741 2178 Viri
753 2111 858 2198 igitur
870 2109 986 2198 gloriae
1001 2110 1189 2176 avidissimi
1204 2112 1424 2196 memoriam,

347 2229 535 2339 'quatenus
553 2247 681 2331 licebit,
700 2269 928 2332 renovemus;
949 2249 1019 2315 imo
1033 2249 1064 2314 si
1084 2250 1161 2336 quis
1180 2250 1246 2336 piis
1266 2249 1434 2318 manibus:

365 2410 490 2458 sensus
521 2389 605 2475 (cur
627 2390 720 2456 enim
746 2409 816 2455 non
837 2390 985 2456 oratorie
1005 2409 1086 2456 curn
1106 2394 1241 2456 oratore
1253 2389 1296 2476 i),
1315 2389 1425 2457 Plinio

361 2529 479 2596 forsan
497 2531 614 2594 nostro
634 2548 705 2595 non
724 2527 919 2615 displicebit
932 2529 1008 2596 hacc
1030 2528 1235 2596 scholastica
1254 2529 1422 2615 laudati03

361 2661 519 2749 quamvis
538 2661 686 2728 enimin
707 2663 864 2738 civilibus
885 2662 1008 2730 officiis
1027 2661 1245 2751 publicisque
1265 2667 1423 2732 muneri-

359 2800 426 2867 lrus
444 2800 549 2867 luerit
574 2808 743 2888 versatus,
768 2805 816 2870 ita
839 2803 1062 2870 scholasticos
1082 2803 1213 2889 dilexit,
1234 2806 1280 2872 ita
1300 2825 1428 2874 eorum,

358 2934 479 3004 laudes
505 2938 645 3022 meruit,
672 2939 742 3005 imo
760 2945 952 3026 aucupatus
971 2945 1035 3023 est,
1058 2945 1096 3006 ut
1114 2941 1328 3008 scholasticis
1346 2943 1430 3030 ipse>

358 3080 502 3148 similior
520 3083 642 3149 haberi
672 3085 792 3172 possit,
826 3105 933 3172 quam
954 3085 1132 3153 veteribus
1162 3087 1229 3154 illis
1255 3088 1430 3156 Romanis.

357 3239 443 3306 quos
477 3223 635 3305 aemulari
666 3224 733 3291 sibi
762 3224 955 3292 videbatur.

445 3510 1436 3604 DiversissimaEpistolarummateries3materiesautema,

352 3652 523 3734 perpetua
542 3649 617 3736 ipse
636 3651 793 3739 Plinius,
819 3654 895 3742 ipse
921 3675 1125 3742 expressam
1146 3658 1200 3724 sui
1229 3658 1418 3746 imaginem

350 3776 499 3862 posteris
508 3777 646 3848 videtur
657 3783 908 3870 praeparavisse
922 3805 931 3869 3
948 3785 1046 3872 cujus
1062 3791 1261 3853 tamennon
1275 3808 1417 3856 ornnem

348 3910 454 4015 vitam
475 3916 646 4005 attingere
678 3921 860 3990 consilium
880 3927 950 4005 est,
987 3923 1077 3990 hanc
1109 3926 1246 3992 tantum
1281 3931 1417 4011 partem

348 4057 565 4130 vindicamus
590 4085 668 4151 quau
697 4067 741 4134 ad
765 4069 879 4137 studia
903 4076 937 4137 et
973 4071 1148 4140 studiosos
1172 4073 1334 4159 pertinet.
1366 4075 1417 4140 Eo

347 4202 441 4279 onim
461 4225 580 4276 amore
604 4209 736 4282 Plinius
763 4214 896 4284 litteras
918 4218 1119 4307 complexus
1141 4225 1194 4288 est
1213 4225 1251 4289 ut
1270 4226 1425 4288 caeteros.
