3210 5220
694 652 870 720 ..82-

251 856 285 917 et
302 849 451 938 posteris
470 848 705 936 commendet,
723 853 851 938 quauta
865 848 903 914 in
915 847 1066 936 petendo
1079 849 1293 918 verecundia
1305 852 1318 916 l
1399 916 1407 931 ,

254 1020 268 1060 e
294 995 390 1080 Haec,
409 1000 598 1082 utcumque
626 1015 664 1062 se
682 993 824 1076 habent,
845 992 992 1075 notiora,
1007 990 1165 1076 clariora,
1181 993 1317 1079 majora

250 1147 289 1209 tu
306 1140 412 1208 facies
430 1161 439 1224 ;
474 1158 676 1227 quanquam
707 1157 779 1205 non
810 1138 911 1225 exigo
929 1140 968 1204 ut
990 1134 1138 1204 excedas
1158 1142 1245 1205 actae
1263 1139 1318 1206 rei

249 1277 414 1346 modum:
441 1297 523 1345 nam
547 1295 614 1344 nec
638 1275 783 1344 historia
801 1273 907 1342 debet
925 1272 1044 1361 egredi
1065 1272 1260 1359 veritatem,
1282 1280 1318 1343 et

170 1500 184 1514 p
248 1405 394 1473 honeste
414 1405 511 1473 factis
532 1405 659 1472 veritas
683 1403 811 1472 sufficit
832 1401 922 1491 (Vll.
943 1399 1011 1489 33).
1029 1423 1043 1466 r
1065 1400 1171 1469 Redit
1187 1401 1225 1468 in
1242 1422 1319 1471 me-

249 1550 398 1618 moriam
422 1549 481 1616 illa
520 1549 632 1618 Marci
661 1547 763 1616 Tullii
800 1547 844 1615 ad
882 1545 1073 1614 Lucceium
1107 1544 1317 1614 historicum

250 1691 408 1779 epistola,
428 1690 633 1778 plenissima
651 1688 795 1778 quidem
814 1688 1054 1777 impudentiae,
1075 1689 1112 1756 in
1130 1690 1200 1778 qua
1218 1697 1318 1781 rogat

250 1831 368 1895 orator
381 1831 420 1894 ut
442 1826 642 1896 consulatus
661 1824 885 1913 amplissimis
909 1824 1071 1893 laudibus
1090 1824 1134 1893 ab
1147 1825 1316 1898 historico

251 1970 439 2034 exornetur
460 1986 467 2031 :
493 1989 507 2029 u
528 1964 580 2032 Te
597 1965 698 2053 plane
711 1964 815 2032 etiam
830 1969 934 2052 atque
948 1965 1053 2032 etiam
1065 1984 1148 2054 rogo
1160 1971 1199 2034 ut
1210 1988 1317 2036 ornes

251 2123 293 2171 ea
315 2103 560 2171 vehementius
579 2102 684 2170 etiam
703 2101 809 2190 quam
836 2101 981 2170 fortasse
1011 2103 1135 2189 sentis,
1161 2111 1198 2174 et
1217 2107 1255 2173 in
1273 2126 1316 2175 eo

113 2298 116 2303 .
249 2241 345 2332 leges
362 2242 515 2311 historiae
532 2243 704 2333 negligas,
728 2295 825 2310 .......
842 2243 1021 2330 amorique
1039 2245 1319 2332 nostropluscu-

250 2375 325 2444 lum
344 2377 449 2444 etiam
475 2377 581 2464 quam
612 2377 772 2445 concedit
798 2378 927 2445 veritas
950 2377 1097 2467 largiare
1127 2381 1251 2469 (Epist.
1273 2381 1318 2450 ad

249 2514 371 2583 Famil.
397 2515 439 2582 V.
460 2513 572 2603 let.»
609 2515 680 2584 Isto
714 2517 916 2585 mehercule
944 2519 1090 2606 epistola
1119 2541 1236 2610 neque
1266 2525 1317 2593 illi

249 2656 408 2742 honesta,
426 2657 487 2744 qui
499 2656 631 2742 scribit,
652 2677 768 2744 neque
783 2657 832 2724 illi
847 2659 902 2725 oui
917 2659 1099 2746 scribitur3
1120 2662 1207 2730 alter
1220 2666 1316 2733 enim

251 2800 316 2867 sud
332 2797 425 2886 apud
445 2798 618 2866 minorem
644 2798 798 2866 amicum
823 2801 1038 2886 auctoritate,
1059 2809 1099 2871 ut
1117 2823 1318 2895 corrumpe-

251 2951 316 3032 ret,
337 2944 564 3030 abutebatur3
600 2946 687 3013 altor
705 2946 735 3012 is
760 2951 834 3014 erat
856 2948 917 3034 qui
939 2949 1117 3018 videretur
1140 2953 1317 3041 corrumpi

250 3103 366 3170 posse.
389 3084 522 3152 Verdm
543 3105 585 3152 ex
614 3085 872 3172 comparatione
902 3087 1119 3156 manifestius
1157 3097 1314 3178 apparet,

144 3296 150 3304 ‘
254 3243 333 3310 quae
355 3224 459 3293 luerit
484 3226 586 3292 Plinii
612 3227 649 3292 in
674 3225 831 3293 Tacitum
858 3229 1090 3314 verecundia,
1117 3231 1317 3320 quibusque

253 3363 368 3431 uerbis
397 3363 490 3451 apud
515 3363 672 3432 Tacitum
703 3364 747 3432 de
778 3364 933 3434 historici
955 3368 1151 3455 integritate
1181 3376 1216 3436 et
1246 3368 1323 3438 side·

253 3498 440 3567 dicoretur.

338 3699 442 3767 Nulla
465 3703 747 3787 praetermittitur
767 3705 903 3772 occasio
917 3706 986 3792 qua
1003 3726 1041 3772 se
1054 3707 1186 3775 Plinius
1199 3708 1317 3778 Tacito

253 3832 477 3917 conjunctum
506 3832 676 3917 ostendat,
710 3855 776 3902 nec
813 3836 1004 3924 quidquam
1041 3838 1182 3924 omittit,
1223 3844 1321 3928 quod*

252 3973 430 4040 uinculum
484 3975 659 4064 quoddam
705 3977 887 4065 habeatur,
945 4002 1013 4069 quo
1056 3982 1172 4050 Tacito
1217 3987 1317 4073 quasi

253 4109 442 4181 adhaereat:
462 4137 475 4178 e
497 4113 641 4181 Librum
655 4117 750 4180 tuum
770 4115 851 4202 legi,
870 4123 905 4184 et
924 4119 1028 4206 <quarn
1053 4119 1317 4209 diligentissime

252 4258 359 4343 potui,
377 4259 562 4342 annotavi3
584 4278 677 4326 nunc
695 4278 715 4325 a
734 4263 768 4325 te
787 4258 915 4328 librum
940 4282 1058 4332 meum
1078 4285 1158 4332 curn
1176 4272 1322 4334 annota-
