3210 5220
640 711 816 780 ..83-

196 908 347 976 tionibus
365 909 433 976 tuis
460 914 634 996 exspecto.
657 907 686 976 Ο
707 906 890 994 jncundas,
912 927 931 973 o
950 907 1112 995 pulchras
1137 907 1256 974 vices!

197 1042 311 1123 Quam
335 1065 392 1112 me
420 1043 577 1129 delectat,
599 1043 701 1131 quod,
722 1043 752 1109 si
774 1063 843 1130 qua
861 1041 1011 1129 posteris
1035 1060 1119 1108 cura
1133 1044 1256 1130 nostri,

196 1205 446 1274 usquequaque
475 1184 684 1270 narrabitur,
710 1186 779 1273 quat
801 1181 997 1265 concordii,
1023 1181 1256 1269 simplicitate,

196 1316 265 1385 fide
289 1318 495 1387 vixerimus!
517 1317 590 1385 Erit
611 1337 730 1386 rarum
750 1321 785 1384 et
802 1315 950 1405 insigne,
971 1314 1060 1383 duos
1081 1314 1256 1398 homines,

195 1462 294 1526 aetate
322 1457 576 1548 propemodum
613 1457 782 1546 aequales,
821 1457 1021 1525 nonnullius
1060 1457 1096 1523 in
1132 1455 1257 1524 litteris

194 1598 344 1666 nominis
358 1600 477 1688 (cogor
495 1600 589 1666 enim
614 1598 656 1666 de
671 1604 705 1666 te
718 1618 856 1686 quoque
874 1599 1012 1687 parcius
1025 1597 1154 1682 dicere,
1176 1599 1258 1684 quia

194 1746 314 1814 deme
338 1747 442 1815 simul
462 1747 567 1833 dico),
589 1746 737 1814 alterum
770 1743 911 1812 alterius
936 1742 1050 1811 studia
1071 1743 1210 1813 fovisse.
1241 1768 1255 1810 i

194 1878 272 1965 lpse
309 1879 587 1947 adolescentulus
624 1877 783 1945 Tacitum
818 1875 1016 1943 imitabatur
1051 1898 1065 1940 u
1096 1878 1145 1944 ita
1164 1877 1259 1944 enim

194 2019 382 2086 similitudo
410 2022 543 2085 naturae
568 2014 725 2098 ferebat3
748 2037 762 2077 i>
783 2012 885 2080 ambo
909 2014 1013 2102 igitur
1036 2014 1257 2084 celebrantur

194 2157 316 2242 simul3
340 2157 377 2225 in
401 2158 619 2225 testamentis
644 2156 749 2224 etiam
772 2154 895 2223 eadem
907 2154 1031 2244 legata,
1057 2155 1255 2245 etquidem

192 2298 322 2385 pariter
345 2297 518 2384 accipiunt
546 2295 636 2385 (VII.
657 2294 728 2383 20).
768 2295 869 2384 Ergo,
895 2297 1054 2383 quamvis
1086 2298 1257 2368 maximas

193 2453 285 2522 saepe
309 2434 430 2503 laudes
461 2433 555 2523 apud
585 2434 831 2520 centumviros,
857 2435 1027 2504 maximas
1065 2437 1102 2504 in
1132 2444 1257 2508 senatu

191 2573 358 2659 retulerit,
396 2594 577 2662 nunquam
607 2581 725 2642 tamen
742 2577 911 2662 majorem
934 2577 1025 2664 oepit
1043 2576 1255 2664 voluptatem

192 2730 296 2798 quam
312 2733 356 2780 ex
373 2712 431 2780 illo
441 2733 604 2780 sermone
616 2713 742 2780 Taciti:
757 2737 771 2778 r
786 2712 971 2797 Narrabat,
986 2715 1120 2782 sedisse
1133 2735 1256 2783 secum

191 2853 413 2921 Circensibus
432 2854 601 2941 proximis
626 2854 780 2941 equitem
802 2853 1025 2921 Romanum:
1051 2853 1145 2922 hunc
1177 2859 1256 2941 post

190 2995 303 3061 varios
323 2992 545 3081 eruditosque
565 3013 746 3060 sermones
765 2993 976 3081 requisisse:
993 2993 1133 3062 Italicus
1153 3014 1256 3061 esan

190 3132 432 3224 prouincialis‘.l
460 3132 504 3200 Se
532 3131 773 3220 respondisse:
795 3133 888 3199 nosti
906 3152 976 3218 me,
998 3133 1192 3221 etquidem
1211 3155 1254 3201 ex

192 3271 326 3339 studiis.
348 3269 401 3337 Ad
419 3269 488 3337 hoo
500 3269 611 3352 illum,
628 3268 767 3338 Tacitus
782 3290 821 3337 es
833 3289 879 3337 an
890 3269 1046 3338 Plinius‘l
1067 3272 1141 3360 (IX.
1158 3272 1251 3362 23).»

190 3408 276 3477 Tota
299 3409 450 3496 denique
478 3406 662 3475 referenda
689 3405 747 3473 illa
769 3407 915 3494 epistola
946 3410 1045 3496 cujus
1070 3409 1166 3478 nulla
1190 3411 1255 3479 alia

108 3580 125 3595 κ
191 3541 353 3606 materies
376 3540 444 3606 nisi
475 3543 514 3606 ut
542 3557 580 3605 se
612 3537 730 3604 Tacito
762 3537 986 3623 conjunctum
1003 3539 1122 3626 jactet,
1147 3547 1183 3609 et
1210 3543 1255 3610 de

191 3679 369 3746 communi
387 3678 570 3765 utriusque
589 3674 889 3765 gloridloquatur3
911 3677 1040 3744 sivero
1060 3683 1111 3746 tot
1124 3683 1255 3768 episto-

189 3816 302 3885 larum
320 3817 523 3883 memineris
542 3813 603 3882 ubi
625 3820 660 3882 et
677 3815 714 3881 in
733 3815 797 3882 sua
816 3818 852 3881 et
871 3816 908 3881 in
930 3836 1076 3886 suorum
1096 3820 1255 3890 vendita-

189 3955 281 4022 tione
310 3953 458 4021 exsultat
490 3953 634 4038 Plinius,
671 3952 777 4041 qudm
807 3952 983 4020 dissimilis
1019 3954 1124 4041 color,
1151 3957 1256 4044 quam

189 4113 299 4160 novus
323 4091 365 4158 de
395 4090 654 4158 immortalitate
683 4109 800 4156 sermo
826 4073 903 4157 est:
940 4089 1050 4157 «Nee
1081 4093 1157 4180 ipse
1192 4094 1256 4161 tibi

190 4232 336 4323 plaudis,
352 4237 385 4300 et
408 4251 471 4318 ego
491 4230 576 4297 nibil
601 4230 711 4316 magis
731 4249 774 4295 ex
798 4227 867 4295 fide
888 4228 994 4315 quam
1016 4226 1058 4295 de
1073 4233 1105 4296 te
1126 4230 1253 4299 scribo.

190 4372 343 4441 Posteris
385 4391 429 4438 an
465 4369 579 4456 aliqua
617 4385 700 4433 cura
739 4366 861 4447 nostri,
887 4364 1020 4431 nescio:
1062 4383 1126 4431 nos
1161 4365 1255 4432 certe
