3210 5220
727 651 879 717 -g-

269 868 341 915 non
370 846 473 914 modo
502 847 719 914 industrium
743 851 941 935 rectumque
971 848 1099 933 laudet,
1129 849 1191 917 sed
1227 848 1335 917 oliam

270 985 461 1069 disertam,
502 983 574 1074 (IV.
600 982 635 1071 4)
664 1005 848 1072 perperam
878 1006 960 1074 ergo
986 987 1023 1052 in
1050 985 1135 1053 illud
1165 987 1336 1054 disertum

271 1128 443 1216 Gierigius
481 1126 634 1212 offendit,
679 1128 773 1215 qued
812 1129 848 1194 in
898 1128 1038 1197 tribuno
1076 1132 1216 1198 militari
1266 1129 1338 1198 elo-

270 1270 413 1358 quentia
448 1289 519 1336 non
561 1288 772 1358 magnopore
808 1268 1038 1338 desideranda
1086 1272 1200 1340 fuerit.
1248 1271 1337 1340 Inde

276 1412 387 1498 major
412 1411 456 1478 ad
480 1411 611 1479 litteras
635 1431 838 1494 concursus,
863 1411 1028 1480 honestas
1058 1413 1201 1500 quidem
1232 1418 1343 1501 atque·

276 1546 408 1631 utiles,
449 1567 527 1636 quac
581 1553 616 1614 et
665 1548 744 1616 vitae
800 1547 1051 1634 jucunditatem
1102 1549 1265 1616 afferrent
1304 1555 1342 1616 et

274 1685 430 1775 dignitati
459 1688 728 1756 incrementum.

355 1881 406 1950 De
443 1881 563 1967 Statio,
589 1883 632 1950 de
676 1884 838 1969 Martiali,
873 1864 1078 1972 caeterisque
1105 1887 1164 1973 qui
1206 1887 1338 1954 litteras

266 2021 303 2088 in
343 2028 480 2110 quaestu
525 2020 668 2105 habent,
722 2021 805 2089 alias
852 2023 1047 2091 disserendi
1102 2024 1199 2092 loeus
1248 2026 1336 2092 erit:

270 2184 364 2231 nunc
403 2183 485 2231 cum
510 2163 554 2231 iis
574 2168 710 2232 tantum
742 2185 800 2232 res
832 2171 885 2232 est
910 2167 970 2252 qui
994 2165 1138 2253 quidem
1159 2166 1337 2254 permulti,

205 2387 209 2394 Ι
274 2304 421 2372 honesto
444 2303 520 2370 loco
549 2303 627 2387 orti,
661 2303 879 2393 fortunisque
918 2306 1076 2396 plerique
1110 2305 1337 2390 abundantes,

275 2434 354 2503 ideo
380 2435 537 2511 scribunt
566 2444 606 2505 ut
629 2437 695 2504 sibi
716 2438 906 2527 amicisque
928 2440 1101 2527 placeant,
1125 2439 1340 2527 quaesilatque

276 2577 456 2666 elegantiae
479 2579 572 2646 fama
600 2585 635 2647 ot
665 2581 755 2648 inter
795 2580 914 2649 doctos
941 2581 1098 2669 repositi,
1136 2579 1341 2669 dignitatem

272 2701 442 2789 exornent
471 2727 573 2810 atque
620 2730 780 2812 augeant.
819 2723 922 2792 Nulla
951 2728 1035 2792 aetas
1068 2722 1111 2790 ab
1142 2722 1201 2789 illa
1231 2720 1341 2789 ambi-

269 2863 362 2932 tione
411 2864 551 2933 aliena:
612 2863 792 2952 siquidem
850 2862 892 2942 Q.
926 2862 1100 2951 Sulpicius
1152 2860 1338 2947 Maximus,

268 3005 429 3073 nondum
467 3005 734 3074 duodecimum
756 3024 888 3072 annum
924 3023 1100 3091 egressus,
1139 3025 1182 3072 ex
1220 3006 1341 3092 Agone

268 3147 475 3245 Capitolino,
509 3152 709 3240 compositis
740 3170 784 3218 ex
820 3155 978 3236 tempore
1004 3147 1164 3216 versibus
1196 3147 1334 3236 graecis,

272 3292 381 3359 victor
424 3291 508 3358 exiit
540 3290 611 3379 (l),
647 3290 907 3358 honoratissimi
956 3309 1040 3356 vero
1077 3308 1179 3356 senes
1216 3286 1341 3354 Silium

272 3431 431 3500 Italicum
444 3431 627 3499 imitantur
645 3430 855 3518 qui,relictis
869 3428 1018 3519 publica
1029 3430 1109 3497 vitae
1122 3428 1343 3511 muneribus,

386 3627 558 3694 Emeritos
579 3626 688 3693 Musis
707 3631 742 3692 et
759 3625 889 3694 Phoebo
914 3624 1053 3693 tradidit
1077 3644 1206 3708 annos3

997 3765 1105 3854 (liant.
1127 3764 1204 3851 VII,
1226 3763 1298 3851 63.)

363 3940 419 4007 Sic
440 3940 651 4023 Antoninus,
666 3936 831 4004 Antonini
850 3931 903 4003 Pii
915 3955 998 4002 avus
1012 3939 1190 4000 maternus
1204 3931 1275 4020 (IV,
1290 3928 1341 4016 3),

310 4272 348 4341 (l)
360 4267 563 4326 visconti-lto
579 4265 724 4339 sepulchro
740 4263 829 4338 pueri.
844 4264 875 4327 Q.
893 4261 968 4334 Sulp.
984 4260 1098 4317 llaximi,
1115 4259 1207 4317 Romae
1226 4257 1305 4314 1871.
1331 4268 1332 4272 ’
