3210 5220
706 623 901 693 -103-

268 831 394 914 cribit,
421 830 497 897 illos
521 834 676 915 venatur,
702 831 767 899 illis
795 833 966 902 arnoenids
992 833 1097 920 quarn
1117 832 1331 921 quibuslibet

269 975 494 1043 lenocinatur.
530 973 728 1062 Indignanti
764 976 843 1044 ferd
881 976 1004 1045 similis
1037 977 1329 1047 animadvertite

268 1121 478 1210 pauperibus
495 1121 690 1209 presertim
714 1121 847 1191 litteras
870 1124 1004 1208 amari3
1037 1124 1177 1211 quantis
1209 1123 1330 1192 contra

267 1249 427 1318 laudibus
446 1249 646 1318 Salinatoris
665 1250 902 1340 Quadratique
923 1251 1159 1340 eloquentiam
1183 1251 1327 1336 extollit,

267 1394 539 1463 clarissimorum
550 1396 741 1483 Juvenum!
770 1397 843 1486 (VI.
860 1396 917 1488 ll)
936 1399 1042 1487 quarn
1064 1399 1197 1468 multus
1208 1399 1246 1466 in
1257 1397 1331 1466 lau-

267 1535 382 1616 dando
413 1535 563 1604 Pisone:
594 1537 686 1605 ‹Ne
718 1537 831 1624 plura,
862 1539 999 1627 inquit;
1025 1559 1225 1628 quanquam
1244 1538 1331 1606 libet

268 1676 380 1764 plura,
422 1680 489 1764 qud
523 1681 604 1744 sunt
632 1677 831 1765 pulchriora
867 1678 911 1746 de
945 1679 1086 1766 juvene,
1124 1680 1255 1747 rariora
1286 1677 1329 1746 de

269 1814 376 1884 nobili
407 1815 459 1903 (V.
480 1814 557 1904 17).
589 1837 606 1882 a
639 1816 688 1885 Eo
708 1817 933 1905 intempore,
967 1817 1008 1883 ed
1026 1817 1064 1884 in
1082 1816 1182 1902 urbe,
1202 1815 1262 1884 ubi
1280 1820 1332 1883 tot

155 1968 180 1982 ⁸
266 1953 410 2020 invitant
436 1952 605 2022 malarum
642 1975 761 2023 rerum
780 1954 968 2039 illecebrae,
996 1974 1056 2022 cos
1086 1959 1206 2022 noster
1242 1974 1331 2042 prte-

269 2093 389 2158 sertim
430 2090 472 2160 ad
491 2091 605 2159 studia
627 2091 787 2180 appellat,
819 2091 948 2180 quibus
983 2092 1133 2179 paratior
1163 2091 1332 2180 peccandi

267 2231 421 2299 facilitas.
443 2232 589 2300 Suetum
607 2234 673 2300 hoc
687 2231 893 2320 quibusdam
906 2232 1204 2320 philosophorum,
1225 2238 1264 2302 ut
1282 2234 1330 2301 illi

269 2365 421 2451 Seneca,
435 2375 473 2434 ut
484 2365 643 2434 homines
656 2386 676 2433 a
691 2366 836 2456 negotiis
848 2367 884 2433 in
909 2386 1087 2434 secessum
1100 2366 1329 2453 retraherent,

271 2502 331 2569 uhi
350 2523 388 2570 se
408 2503 577 2590 sapientia
601 2504 735 2591 possint
763 2502 922 2570 excolere
938 2525 947 2588 3
981 2502 1093 2570 simile
1112 2502 1240 2591 aliquid
1258 2503 1330 2570 Pli-

191 2693 213 2703 „
270 2644 371 2726 nius3
393 2643 514 2711 subest
532 2644 694 2731 quaedam
710 2645 846 2713 virtutis
872 2665 954 2713 cura
977 2664 1085 2731 quum
1111 2648 1254 2711 caeteros
1286 2644 1330 2711 ad

271 2782 383 2851 studia
400 2784 519 2851 invitat
537 2783 663 2871 quibus
688 2784 824 2872 ipsese
848 2784 995 2868 excolit,
1025 2784 1135 2851 cornis
1154 2790 1270 2851 autem
1296 2788 1332 2850 et

270 2913 387 2982 hilaris
400 2917 510 2983 nostri
523 2915 668 3000 indoles,
689 2916 775 2983 nihil
794 2915 939 3002 requirit
959 2915 1051 3003 quod
1070 2915 1116 2982 sit
1133 2921 1331 2982 extremum

271 3060 305 3121 et
320 3075 460 3124 ornnem
478 3056 566 3146 fugit
583 3054 809 3124 offensionem
832 3078 841 3142 ;
861 3056 976 3145 placet
994 3057 1104 3125 virtus
1121 3057 1159 3123 in
1178 3055 1328 3123 amoeni·

272 3195 339 3257 tate
353 3191 473 3279 posita,
487 3192 524 3257 in
544 3189 729 3258 hominum
743 3190 954 3258 commercio
973 3195 1007 3257 et
1020 3190 1057 3258 in
1074 3190 1247 3258 honorum
1270 3188 1330 3257 de-

271 3355 375 3402 cursu
392 3340 551 3419 versata;
572 3334 699 3404 sufficit
715 3343 754 3403 ut
782 3339 958 3423 quaeratur
982 3335 1027 3402 ad
1051 3334 1199 3423 honesta
1216 3334 1330 3403 studia

271 3474 441 3541 malarum
454 3494 573 3542 rerum
595 3475 687 3564 fuga,
711 3481 845 3543 etcum
866 3475 1005 3563 optimis
1035 3474 1249 3562 eruditisque
1277 3476 1330 3562 ju-

272 3612 384 3680 cunda
402 3620 543 3702 propter
560 3613 692 3682 litteras
713 3614 940 3682 conversatio

357 3819 451 3885 Num
471 3822 551 3885 vero
569 3817 741 3886 laudanda
769 3817 911 3885 omnia‘l
941 3819 1002 3886 Est
1026 3817 1178 3906 proiectu
1200 3837 1326 3904 repre·
1381 3849 1383 3853 ’

270 3962 430 4029 hensioni
448 3963 565 4047 locus,
592 3963 628 4029 in
647 3963 705 4030 illa
737 3962 912 4030 scribendi
948 3963 1171 4030 continuitate
1198 3961 1330 4028 exhau-

185 4081 209 4130 ;
270 4103 406 4170 riantur
424 4103 530 4170 anirni
543 4103 739 4190 mentisque
758 4105 866 4170 vires:
895 4102 988 4170 subit
1007 4102 1166 4186 ambitio,
1194 4107 1228 4168 et
1247 4101 1331 4168 durn

269 4243 416 4329 scriptor
434 4264 569 4310 rnorern
586 4245 703 4311 otiosis
724 4249 758 4311 ct
780 4243 1056 4312 adolescentibus
1077 4245 1176 4332 gerit,
1196 4245 1234 4311 in
1253 4264 1328 4311 vcr-
