3210 5220
642 651 790 717 ..3-

178 853 223 919 ail
254 853 418 920 eumdem
452 873 609 922 amorem
642 855 829 936 excitaret,
868 853 1030 920 continuo
1062 851 1241 920 studentes

180 994 311 1079 dilexit,
332 995 487 1064 hortatus
505 1003 569 1078 est,
594 996 698 1080 fovit,
719 1015 738 1063 a
757 993 882 1085 quibus
894 1013 965 1061 non
984 996 1118 1062 tantiam
1133 995 1243 1061 amari

179 1135 244 1203 scd
277 1135 410 1203 laudari
445 1135 605 1219 volebat3
649 1137 731 1204 huic
770 1136 863 1203 enim
893 1134 1072 1204 industriae
1101 1135 1243 1204 suberat

177 1275 355 1360 jactantiae
374 1274 502 1362 aliquid
521 1277 558 1343 et
574 1275 715 1363 quidam
738 1275 888 1363 propriae
908 1274 1025 1362 gloriae
1043 1280 1241 1362 respectus,

184 1432 330 1500 magnus
343 1413 535 1480 amicorum
550 1434 719 1482 numerus
733 1433 882 1502 quorum
895 1413 952 1481 alii
963 1413 1011 1481 illi
1024 1414 1241 1501 prosuerunt,

182 1551 257 1618 aliis
279 1553 352 1639 ipse
376 1551 528 1639 profuit,
555 1552 598 1618 ab
624 1550 781 1638 utrisque
800 1550 958 1620 laudatus
976 1557 1041 1619 est.
1063 1552 1113 1620 De
1133 1552 1243 1621 Plinio

183 1691 287 1776 igitur
298 1692 354 1758 vix
372 1691 497 1758 disseri
516 1696 631 1780 potest
649 1690 734 1777 quin
753 1695 788 1756 et
805 1689 855 1757 illi
867 1691 1077 1779 attingantur
1095 1711 1245 1779 quorum

184 1833 282 1919 ‹pnst
306 1848 414 1919 χορηγὸς
438 1837 591 1919 apparet.
624 1831 736 1918 Hujus
760 1832 804 1898 sit
821 1832 925 1919 igitur
941 1832 1056 1919 operis
1074 1834 1242 1901 materia:

189 1992 202 2032 t
231 1968 378 2048 Qualem
392 1987 582 2055 personum
600 1968 693 2033 iuter
706 1969 819 2035 aetutis
831 1987 901 2035 sue
912 1968 1085 2036 studiosos
1103 1967 1246 2037 Plinius

188 2133 201 2173 a
230 2112 358 2198 eperit;
386 2132 400 2173 a
428 2108 559 2177 scilicet
585 2127 656 2175 non
683 2109 819 2175 tantiam
837 2109 947 2197 ipsius
968 2129 1084 2207 mores
1103 2111 1248 2199 attinge·

170 2270 278 2337 mus,
300 2248 486 2317 sedetiam
512 2249 604 2315 inter
633 2249 763 2315 amicos
793 2250 893 2336 quasi
916 2248 1158 2334 versabimur,
1179 2253 1248 2339 qua
1336 2295 1338 2299 ψ

125 2488 127 2491 ¹
185 2395 398 2480 amoenitate,
424 2394 493 2481 qua
512 2393 616 2459 etiam
635 2391 774 2460 solertia
793 2390 897 2481 (absit
918 2391 1025 2460 verbo
1042 2391 1185 2481 invidia)
1198 2401 1249 2462 tot

187 2533 347 2600 homines
363 2532 406 2600 ad
426 2550 582 2599 amorem
599 2531 654 2598 sui
667 2529 771 2597 simul
784 2535 818 2597 et
829 2531 1064 2599 laudationem
1078 2531 1245 2620 allexerit,

186 2672 283 2739 locus
314 2671 380 2736 erit
413 2666 640 2756 anquirend13
678 2666 817 2754 qualem
854 2666 920 2734 sibi
955 2668 1046 2736 inter
1081 2668 1250 2736 litteratos

187 2807 418 2895 principatum
448 2805 717 2894 praeparaverit,
751 2825 830 2893 quoe
859 2805 988 2874 fuerint
1006 2806 1252 2875 humanissimi

187 2950 286 3036 regni
309 2949 541 3015 instrumenta
558 2969 566 3032 ;
592 2951 765 3036 quatenus
787 2953 821 3014 et
841 2945 907 3014 sibi
927 2952 962 3013 et
980 2948 1116 3015 caeteris
1134 2947 1252 3016 indul-

189 3092 324 3181 gentior
341 3089 470 3174 luerit,
494 3091 578 3177 quid
599 3091 674 3178 ipse
694 3090 855 3159 debuerit
873 3090 1078 3177 aequalibus,
1099 3089 1184 3179 quid
1201 3091 1252 3158 illi

188 3232 352 3321 aequales.
390 3230 462 3298 Res
494 3230 636 3319 quidem
665 3230 825 3318 lubrica,
862 3251 990 3319 anceps
1020 3232 1190 3320 judicium
1217 3240 1252 3301 et

190 3370 283 3460 quod
301 3370 420 3439 multis
439 3373 477 3439 in
496 3369 730 3458 dignoscendo
754 3372 1040 3459 temperamentis
1060 3377 1179 3460 egeat,
1205 3392 1250 3440 ne

191 3515 300 3602 pietas
321 3514 449 3601 judicio
470 3498 609 3601 officiat,
629 3534 716 3582 neve
740 3535 861 3584 rursus
884 3516 921 3584 in
941 3516 1112 3603 optimum
1134 3516 1249 3584 homi-

190 3676 272 3724 nem
292 3656 400 3724 nimii
416 3638 600 3725 severitate
621 3661 797 3746 peccetur.
