<?xml version="1.0" encoding="UTF-8"?>
<!DOCTYPE html PUBLIC "-//W3C//DTD XHTML 1.0 Transitional//EN"
    "http://www.w3.org/TR/xhtml1/DTD/xhtml1-transitional.dtd">
<html xmlns="http://www.w3.org/1999/xhtml" xml:lang="en" lang="en">
 <head>
  <title>
</title>
<meta http-equiv="Content-Type" content="text/html;charset=utf-8" />
  <meta name='ocr-system' content='tesseract 3.04.00' />
  <meta name='ocr-capabilities' content='ocr_page ocr_carea ocr_par ocr_line ocrx_word'/>
</head>
<body>
  <div class='ocr_page' id='page_1' title='image "./qualemapudtatis00moygoog_0028.png"; bbox 0 0 3210 5220; ppageno 0'>
   <div class='ocr_carea' id='block_1_1' title="bbox 660 619 834 686">
    <p class='ocr_par' dir='ltr' id='par_1_1' title="bbox 660 619 834 686">
     <span class='ocr_line' id='line_1_1' title="bbox 660 619 834 686; baseline 0.017 -20"><span class='ocrx_word' id='word_1_1' title='bbox 660 619 834 686; x_wconf 68' lang='lat'>...117-</span> 
     </span>
    </p>
   </div>
   <div class='ocr_carea' id='block_1_2' title="bbox 211 806 1276 2024">
    <p class='ocr_par' dir='ltr' id='par_1_2' title="bbox 211 806 1276 2024">
     <span class='ocr_line' id='line_1_2' title="bbox 216 806 1275 898; baseline 0.014 -27"><span class='ocrx_word' id='word_1_2' title='bbox 216 825 356 873; x_wconf 82' lang='lat' dir='ltr'>summa</span> <span class='ocrx_word' id='word_1_3' title='bbox 393 806 599 876; x_wconf 88' lang='lat' dir='ltr'>nobilissimi</span> <span class='ocrx_word' id='word_1_4' title='bbox 639 811 752 898; x_wconf 87' lang='lat' dir='ltr'>operis</span> <span class='ocrx_word' id='word_1_5' title='bbox 791 815 1012 882; x_wconf 87' lang='lat' dir='ltr'>reverentia:</span> <span class='ocrx_word' id='word_1_6' title='bbox 1069 815 1126 883; x_wconf 86' lang='lat' dir='ltr'>ille</span> <span class='ocrx_word' id='word_1_7' title='bbox 1181 819 1275 886; x_wconf 93' lang='lat' dir='ltr'>enim</span> 
     </span>
     <span class='ocr_line' id='line_1_3' title="bbox 216 947 1276 1046; baseline 0.013 -33"><span class='ocrx_word' id='word_1_8' title='bbox 216 967 286 1014; x_wconf 93' lang='lat' dir='ltr'>non</span> <span class='ocrx_word' id='word_1_9' title='bbox 318 947 515 1019; x_wconf 89' lang='lat' dir='ltr'>ornandum</span> <span class='ocrx_word' id='word_1_10' title='bbox 550 952 684 1018; x_wconf 82' lang='lat' dir='ltr'>tantiam</span> <span class='ocrx_word' id='word_1_11' title='bbox 721 950 949 1022; x_wconf 87' lang='lat' dir='ltr'>adolescentis</span> <span class='ocrx_word' id='word_1_12' title='bbox 987 956 1180 1046; x_wconf 81' lang='lat' dir='ltr'>ingenium,</span> <span class='ocrx_word' id='word_1_13' title='bbox 1213 959 1276 1027; x_wconf 92' lang='lat' dir='ltr'>sed</span> 
     </span>
     <span class='ocr_line' id='line_1_4' title="bbox 215 1087 1274 1177; baseline 0.012 -23"><span class='ocrx_word' id='word_1_14' title='bbox 215 1087 397 1177; x_wconf 81' lang='lat' dir='ltr'>fingendos</span> <span class='ocrx_word' id='word_1_15' title='bbox 422 1109 539 1157; x_wconf 88' lang='lat' dir='ltr'>mores</span> <span class='ocrx_word' id='word_1_16' title='bbox 565 1090 731 1177; x_wconf 89' lang='lat' dir='ltr'>credidit;</span> <span class='ocrx_word' id='word_1_17' title='bbox 751 1092 808 1161; x_wconf 91' lang='lat' dir='ltr'>ille</span> <span class='ocrx_word' id='word_1_18' title='bbox 831 1093 925 1162; x_wconf 91' lang='lat' dir='ltr'>hunc</span> <span class='ocrx_word' id='word_1_19' title='bbox 949 1099 1083 1163; x_wconf 79' lang='lat' dir='ltr'>tannim</span> <span class='ocrx_word' id='word_1_20' title='bbox 1103 1104 1274 1169; x_wconf 89' lang='lat' dir='ltr'>oratorem</span> 
     </span>
     <span class='ocr_line' id='line_1_5' title="bbox 214 1231 1273 1323; baseline 0.011 -25"><span class='ocrx_word' id='word_1_21' title='bbox 214 1231 335 1300; x_wconf 89' lang='lat' dir='ltr'>babuit</span> <span class='ocrx_word' id='word_1_22' title='bbox 351 1231 467 1300; x_wconf 82' lang='lat' dir='ltr'>uirum</span> <span class='ocrx_word' id='word_1_23' title='bbox 490 1231 621 1300; x_wconf 82' lang='lat' dir='ltr'>bonum</span> <span class='ocrx_word' id='word_1_24' title='bbox 636 1232 774 1302; x_wconf 83' lang='lat' dir='ltr'>dicendi</span> <span class='ocrx_word' id='word_1_25' title='bbox 795 1236 969 1323; x_wconf 84' lang='lat' dir='ltr'>peritum;</span> <span class='ocrx_word' id='word_1_26' title='bbox 995 1237 1052 1306; x_wconf 89' lang='lat' dir='ltr'>ille</span> <span class='ocrx_word' id='word_1_27' title='bbox 1072 1238 1273 1310; x_wconf 84' lang='lat' dir='ltr'>facundiam</span> 
     </span>
     <span class='ocr_line' id='line_1_6' title="bbox 214 1373 1276 1467; baseline 0.01 -27"><span class='ocrx_word' id='word_1_28' title='bbox 214 1374 317 1441; x_wconf 90' lang='lat' dir='ltr'>istam</span> <span class='ocrx_word' id='word_1_29' title='bbox 336 1373 437 1462; x_wconf 84' lang='lat' dir='ltr'>quasi</span> <span class='ocrx_word' id='word_1_30' title='bbox 460 1373 641 1461; x_wconf 86' lang='lat' dir='ltr'>piraticam</span> <span class='ocrx_word' id='word_1_31' title='bbox 671 1373 858 1460; x_wconf 85' lang='lat' dir='ltr'>damnavit,</span> <span class='ocrx_word' id='word_1_32' title='bbox 890 1375 946 1445; x_wconf 88' lang='lat' dir='ltr'>his</span> <span class='ocrx_word' id='word_1_33' title='bbox 963 1379 1180 1467; x_wconf 83' lang='lat' dir='ltr'>temporibus</span> <span class='ocrx_word' id='word_1_34' title='bbox 1209 1382 1276 1451; x_wconf 86' lang='lat' dir='ltr'>tre-</span> 
     </span>
     <span class='ocr_line' id='line_1_7' title="bbox 214 1509 1274 1605; baseline 0.01 -28"><span class='ocrx_word' id='word_1_35' title='bbox 214 1510 447 1597; x_wconf 84' lang='lat' dir='ltr'>quentiorem,</span> <span class='ocrx_word' id='word_1_36' title='bbox 480 1509 524 1578; x_wconf 88' lang='lat' dir='ltr'>ad</span> <span class='ocrx_word' id='word_1_37' title='bbox 559 1510 740 1580; x_wconf 85' lang='lat' dir='ltr'>inferenda</span> <span class='ocrx_word' id='word_1_38' title='bbox 778 1513 914 1581; x_wconf 87' lang='lat' dir='ltr'>caeteris</span> <span class='ocrx_word' id='word_1_39' title='bbox 948 1516 1102 1604; x_wconf 87' lang='lat' dir='ltr'>pericula</span> <span class='ocrx_word' id='word_1_40' title='bbox 1137 1525 1274 1605; x_wconf 83' lang='lat' dir='ltr'>natam3</span> 
     </span>
     <span class='ocr_line' id='line_1_8' title="bbox 213 1651 1275 1744; baseline 0.011 -25"><span class='ocrx_word' id='word_1_41' title='bbox 213 1673 350 1720; x_wconf 90' lang='lat' dir='ltr'>necnon</span> <span class='ocrx_word' id='word_1_42' title='bbox 380 1652 532 1740; x_wconf 86' lang='lat' dir='ltr'>pueriles</span> <span class='ocrx_word' id='word_1_43' title='bbox 559 1651 843 1721; x_wconf 84' lang='lat' dir='ltr'>scholasticorum</span> <span class='ocrx_word' id='word_1_44' title='bbox 871 1655 1018 1744; x_wconf 90' lang='lat' dir='ltr'>ineptias</span> <span class='ocrx_word' id='word_1_45' title='bbox 1043 1664 1077 1726; x_wconf 91' lang='lat' dir='ltr'>et</span> <span class='ocrx_word' id='word_1_46' title='bbox 1100 1660 1275 1731; x_wconf 85' lang='lat' dir='ltr'>infelicem</span> 
     </span>
     <span class='ocr_line' id='line_1_9' title="bbox 214 1790 1275 1880; baseline 0.009 -22"><span class='ocrx_word' id='word_1_47' title='bbox 214 1794 305 1860; x_wconf 84' lang='lat' dir='ltr'>circa</span> <span class='ocrx_word' id='word_1_48' title='bbox 322 1792 441 1879; x_wconf 86' lang='lat' dir='ltr'>verba,</span> <span class='ocrx_word' id='word_1_49' title='bbox 457 1792 595 1859; x_wconf 90' lang='lat' dir='ltr'>omissis</span> <span class='ocrx_word' id='word_1_50' title='bbox 613 1790 732 1878; x_wconf 91' lang='lat' dir='ltr'>rebus,</span> <span class='ocrx_word' id='word_1_51' title='bbox 747 1793 984 1861; x_wconf 79' lang='lat' dir='ltr'>curiositatem</span> <span class='ocrx_word' id='word_1_52' title='bbox 1000 1816 1009 1880; x_wconf 89' lang='lat'>;</span> <span class='ocrx_word' id='word_1_53' title='bbox 1031 1795 1087 1864; x_wconf 92' lang='lat' dir='ltr'>ille</span> <span class='ocrx_word' id='word_1_54' title='bbox 1102 1805 1275 1868; x_wconf 89' lang='lat' dir='ltr'>oratorem</span> 
     </span>
     <span class='ocr_line' id='line_1_10' title="bbox 211 1931 1273 2024; baseline 0.008 -24"><span class='ocrx_word' id='word_1_55' title='bbox 211 1931 402 2001; x_wconf 89' lang='lat' dir='ltr'>multorum</span> <span class='ocrx_word' id='word_1_56' title='bbox 412 1931 560 2000; x_wconf 90' lang='lat' dir='ltr'>lectione</span> <span class='ocrx_word' id='word_1_57' title='bbox 569 1931 726 2018; x_wconf 90' lang='lat' dir='ltr'>jurisque</span> <span class='ocrx_word' id='word_1_58' title='bbox 739 1931 884 2000; x_wconf 74' lang='lat' dir='ltr'>scientia</span> <span class='ocrx_word' id='word_1_59' title='bbox 901 1931 1081 2020; x_wconf 82' lang='lat' dir='ltr'>instruxit,</span> <span class='ocrx_word' id='word_1_60' title='bbox 1096 1954 1212 2024; x_wconf 89' lang='lat' dir='ltr'>neque</span> <span class='ocrx_word' id='word_1_61' title='bbox 1228 1937 1273 2008; x_wconf 88' lang='lat' dir='ltr'>ad</span> 
     </span>
    </p>
   </div>
   <div class='ocr_carea' id='block_1_3' title="bbox 211 2067 1369 2161">
    <p class='ocr_par' dir='ltr' id='par_1_3' title="bbox 211 2067 1369 2161">
     <span class='ocr_line' id='line_1_11' title="bbox 211 2067 1369 2161; baseline 0.005 -24"><span class='ocrx_word' id='word_1_62' title='bbox 211 2068 443 2158; x_wconf 81' lang='lat' dir='ltr'>perorandum</span> <span class='ocrx_word' id='word_1_63' title='bbox 463 2087 604 2135; x_wconf 89' lang='lat' dir='ltr'>causam</span> <span class='ocrx_word' id='word_1_64' title='bbox 627 2067 695 2135; x_wconf 91' lang='lat' dir='ltr'>nisi</span> <span class='ocrx_word' id='word_1_65' title='bbox 713 2087 795 2136; x_wconf 88' lang='lat' dir='ltr'>cum</span> <span class='ocrx_word' id='word_1_66' title='bbox 814 2068 965 2156; x_wconf 75' lang='lat' dir='ltr'>quadem</span> <span class='ocrx_word' id='word_1_67' title='bbox 988 2073 1104 2161; x_wconf 89' lang='lat' dir='ltr'>operis</span> <span class='ocrx_word' id='word_1_68' title='bbox 1127 2094 1274 2145; x_wconf 88' lang='lat' dir='ltr'>venera·</span> <span class='ocrx_word' id='word_1_69' title='bbox 1365 2145 1369 2154; x_wconf 78' lang='grc'>,</span> 
     </span>
    </p>
   </div>
   <div class='ocr_carea' id='block_1_4' title="bbox 207 2196 1274 3667">
    <p class='ocr_par' dir='ltr' id='par_1_4' title="bbox 207 2196 1274 3667">
     <span class='ocr_line' id='line_1_12' title="bbox 210 2196 1274 2292; baseline 0.007 -26"><span class='ocrx_word' id='word_1_70' title='bbox 210 2199 305 2266; x_wconf 93' lang='lat' dir='ltr'>tione</span> <span class='ocrx_word' id='word_1_71' title='bbox 341 2196 508 2266; x_wconf 86' lang='lat' dir='ltr'>accedere</span> <span class='ocrx_word' id='word_1_72' title='bbox 541 2197 634 2282; x_wconf 91' lang='lat' dir='ltr'>sinit,</span> <span class='ocrx_word' id='word_1_73' title='bbox 665 2196 733 2263; x_wconf 92' lang='lat' dir='ltr'>nisi</span> <span class='ocrx_word' id='word_1_74' title='bbox 759 2196 891 2265; x_wconf 91' lang='lat' dir='ltr'>scilicet</span> <span class='ocrx_word' id='word_1_75' title='bbox 913 2218 991 2266; x_wconf 87' lang='lat' dir='ltr'>rem</span> <span class='ocrx_word' id='word_1_76' title='bbox 1016 2201 1154 2289; x_wconf 80' lang='lat' dir='ltr'>penitus</span> <span class='ocrx_word' id='word_1_77' title='bbox 1177 2224 1274 2292; x_wconf 92' lang='lat' dir='ltr'>pers·</span> 
     </span>
     <span class='ocr_line' id='line_1_13' title="bbox 210 2323 1273 2418; baseline 0.008 -24"><span class='ocrx_word' id='word_1_78' title='bbox 210 2327 356 2415; x_wconf 84' lang='lat' dir='ltr'>pexerit,</span> <span class='ocrx_word' id='word_1_79' title='bbox 398 2325 590 2416; x_wconf 81' lang='lat' dir='ltr'>litigantem</span> <span class='ocrx_word' id='word_1_80' title='bbox 626 2323 791 2392; x_wconf 84' lang='lat' dir='ltr'>attentibs</span> <span class='ocrx_word' id='word_1_81' title='bbox 821 2324 1008 2413; x_wconf 88' lang='lat' dir='ltr'>audiverit,</span> <span class='ocrx_word' id='word_1_82' title='bbox 1045 2331 1273 2418; x_wconf 88' lang='lat' dir='ltr'>conquisierit</span> 
     </span>
     <span class='ocr_line' id='line_1_14' title="bbox 209 2463 1269 2559; baseline 0.006 -26"><span class='ocrx_word' id='word_1_83' title='bbox 209 2464 550 2555; x_wconf 83' lang='lat' dir='ltr'>argumenta,omnia</span> <span class='ocrx_word' id='word_1_84' title='bbox 558 2463 708 2551; x_wconf 90' lang='lat' dir='ltr'>denique</span> <span class='ocrx_word' id='word_1_85' title='bbox 721 2465 975 2553; x_wconf 85' lang='lat' dir='ltr'>praeparaverit,</span> <span class='ocrx_word' id='word_1_86' title='bbox 986 2486 1066 2554; x_wconf 88' lang='lat' dir='ltr'>quae</span> <span class='ocrx_word' id='word_1_87' title='bbox 1078 2473 1269 2559; x_wconf 78' lang='lat' dir='ltr'>preparari</span> 
     </span>
     <span class='ocr_line' id='line_1_15' title="bbox 209 2603 1270 2703; baseline 0.01 -31"><span class='ocrx_word' id='word_1_88' title='bbox 209 2610 371 2694; x_wconf 86' lang='lat' dir='ltr'>possunt:</span> <span class='ocrx_word' id='word_1_89' title='bbox 405 2603 557 2673; x_wconf 91' lang='lat' dir='ltr'>Plinium</span> <span class='ocrx_word' id='word_1_90' title='bbox 580 2620 697 2673; x_wconf 90' lang='lat' dir='ltr'>autem</span> <span class='ocrx_word' id='word_1_91' title='bbox 718 2606 823 2673; x_wconf 88' lang='lat' dir='ltr'>talem</span> <span class='ocrx_word' id='word_1_92' title='bbox 842 2606 1061 2693; x_wconf 81' lang='lat' dir='ltr'>potissimum</span> <span class='ocrx_word' id='word_1_93' title='bbox 1080 2609 1118 2678; x_wconf 91' lang='lat' dir='ltr'>in</span> <span class='ocrx_word' id='word_1_94' title='bbox 1137 2613 1270 2703; x_wconf 79' lang='lat' dir='ltr'>agendo</span> 
     </span>
     <span class='ocr_line' id='line_1_16' title="bbox 209 2742 1272 2836; baseline 0.008 -24"><span class='ocrx_word' id='word_1_95' title='bbox 209 2744 381 2827; x_wconf 84' lang='lat' dir='ltr'>videmus,</span> <span class='ocrx_word' id='word_1_96' title='bbox 397 2742 536 2832; x_wconf 90' lang='lat' dir='ltr'>qualem</span> <span class='ocrx_word' id='word_1_97' title='bbox 549 2744 696 2832; x_wconf 90' lang='lat' dir='ltr'>requirit</span> <span class='ocrx_word' id='word_1_98' title='bbox 708 2745 885 2833; x_wconf 84' lang='lat' dir='ltr'>magister.</span> <span class='ocrx_word' id='word_1_99' title='bbox 907 2745 962 2814; x_wconf 90' lang='lat' dir='ltr'>Ad</span> <span class='ocrx_word' id='word_1_100' title='bbox 980 2747 1047 2816; x_wconf 92' lang='lat' dir='ltr'>hoc</span> <span class='ocrx_word' id='word_1_101' title='bbox 1059 2750 1272 2836; x_wconf 67' lang='lat' dir='ltr'>prevalebat</span> 
     </span>
     <span class='ocr_line' id='line_1_17' title="bbox 211 2883 1269 2984; baseline 0.01 -31"><span class='ocrx_word' id='word_1_102' title='bbox 211 2905 252 2953; x_wconf 90' lang='lat' dir='ltr'>eo</span> <span class='ocrx_word' id='word_1_103' title='bbox 289 2891 447 2975; x_wconf 88' lang='lat' dir='ltr'>tempore</span> <span class='ocrx_word' id='word_1_104' title='bbox 483 2886 590 2954; x_wconf 90' lang='lat' dir='ltr'>nimia</span> <span class='ocrx_word' id='word_1_105' title='bbox 631 2887 667 2954; x_wconf 92' lang='lat' dir='ltr'>in</span> <span class='ocrx_word' id='word_1_106' title='bbox 715 2886 885 2956; x_wconf 88' lang='lat' dir='ltr'>Senecam</span> <span class='ocrx_word' id='word_1_107' title='bbox 922 2883 1130 2977; x_wconf 82' lang='lat' dir='ltr'>admirati03</span> <span class='ocrx_word' id='word_1_108' title='bbox 1170 2896 1269 2984; x_wconf 73' lang='lat' dir='ltr'>cuius</span> 
     </span>
     <span class='ocr_line' id='line_1_18' title="bbox 210 3022 1268 3113; baseline 0.007 -19"><span class='ocrx_word' id='word_1_109' title='bbox 210 3024 364 3113; x_wconf 87' lang='lat' dir='ltr'>quidem,</span> <span class='ocrx_word' id='word_1_110' title='bbox 387 3029 426 3092; x_wconf 92' lang='lat' dir='ltr'>ut</span> <span class='ocrx_word' id='word_1_111' title='bbox 451 3022 502 3108; x_wconf 90' lang='lat' dir='ltr'>fit,</span> <span class='ocrx_word' id='word_1_112' title='bbox 521 3023 727 3112; x_wconf 82' lang='lat' dir='ltr'>vitiapotiirs</span> <span class='ocrx_word' id='word_1_113' title='bbox 745 3023 852 3113; x_wconf 76' lang='lat' dir='ltr'>quam</span> <span class='ocrx_word' id='word_1_114' title='bbox 868 3025 1012 3094; x_wconf 82' lang='lat' dir='ltr'>virtutes</span> <span class='ocrx_word' id='word_1_115' title='bbox 1031 3026 1131 3097; x_wconf 92' lang='lat' dir='ltr'>multi</span> <span class='ocrx_word' id='word_1_116' title='bbox 1150 3029 1268 3101; x_wconf 90' lang='lat' dir='ltr'>imita·</span> 
     </span>
     <span class='ocr_line' id='line_1_19' title="bbox 209 3164 1267 3253; baseline 0.005 -18"><span class='ocrx_word' id='word_1_117' title='bbox 209 3166 354 3252; x_wconf 79' lang='lat' dir='ltr'>bantur3</span> <span class='ocrx_word' id='word_1_118' title='bbox 379 3164 562 3253; x_wconf 87' lang='lat' dir='ltr'>jactantior</span> <span class='ocrx_word' id='word_1_119' title='bbox 585 3169 703 3232; x_wconf 89' lang='lat' dir='ltr'>autern</span> <span class='ocrx_word' id='word_1_120' title='bbox 722 3164 813 3233; x_wconf 87' lang='lat' dir='ltr'>circa</span> <span class='ocrx_word' id='word_1_121' title='bbox 832 3165 1020 3236; x_wconf 88' lang='lat' dir='ltr'>sententias</span> <span class='ocrx_word' id='word_1_122' title='bbox 1039 3166 1175 3238; x_wconf 86' lang='lat' dir='ltr'>lascivia</span> <span class='ocrx_word' id='word_1_123' title='bbox 1192 3171 1267 3240; x_wconf 90' lang='lat' dir='ltr'>istis</span> 
     </span>
     <span class='ocr_line' id='line_1_20' title="bbox 208 3285 1267 3392; baseline 0.005 -17"><span class='ocrx_word' id='word_1_124' title='bbox 208 3306 365 3375; x_wconf 91' lang='lat' dir='ltr'>moribus</span> <span class='ocrx_word' id='word_1_125' title='bbox 396 3305 485 3372; x_wconf 78' lang='lat' dir='ltr'>mire</span> <span class='ocrx_word' id='word_1_126' title='bbox 513 3285 748 3392; x_wconf 76' lang='lat' dir='ltr'>congruebat,</span> <span class='ocrx_word' id='word_1_127' title='bbox 778 3303 976 3392; x_wconf 90' lang='lat' dir='ltr'>eloquentia</span> <span class='ocrx_word' id='word_1_128' title='bbox 1005 3307 1099 3374; x_wconf 90' lang='lat' dir='ltr'>enim</span> <span class='ocrx_word' id='word_1_129' title='bbox 1128 3330 1267 3380; x_wconf 90' lang='lat' dir='ltr'>morum</span> 
     </span>
     <span class='ocr_line' id='line_1_21' title="bbox 207 3445 1267 3538; baseline 0.006 -23"><span class='ocrx_word' id='word_1_130' title='bbox 207 3449 340 3538; x_wconf 80' lang='lat' dir='ltr'>imago;</span> <span class='ocrx_word' id='word_1_131' title='bbox 365 3447 512 3536; x_wconf 91' lang='lat' dir='ltr'>quisque</span> <span class='ocrx_word' id='word_1_132' title='bbox 526 3446 630 3534; x_wconf 76' lang='lat' dir='ltr'>igitur</span> <span class='ocrx_word' id='word_1_133' title='bbox 646 3445 773 3514; x_wconf 88' lang='lat' dir='ltr'>veteris</span> <span class='ocrx_word' id='word_1_134' title='bbox 786 3445 975 3535; x_wconf 78' lang='lat' dir='ltr'>disciplinae</span> <span class='ocrx_word' id='word_1_135' title='bbox 997 3453 1179 3537; x_wconf 62' lang='lat' dir='ltr'>pertaesus</span> <span class='ocrx_word' id='word_1_136' title='bbox 1200 3452 1267 3521; x_wconf 93' lang='lat' dir='ltr'>sibi</span> 
     </span>
     <span class='ocr_line' id='line_1_22' title="bbox 209 3575 1267 3667; baseline 0.001 -19"><span class='ocrx_word' id='word_1_137' title='bbox 209 3577 397 3664; x_wconf 85' lang='lat' dir='ltr'>constabat,</span> <span class='ocrx_word' id='word_1_138' title='bbox 438 3597 547 3665; x_wconf 92' lang='lat' dir='ltr'>quum</span> <span class='ocrx_word' id='word_1_139' title='bbox 588 3580 724 3643; x_wconf 88' lang='lat' dir='ltr'>veteres</span> <span class='ocrx_word' id='word_1_140' title='bbox 759 3579 912 3643; x_wconf 88' lang='lat' dir='ltr'>oratores</span> <span class='ocrx_word' id='word_1_141' title='bbox 965 3575 1189 3667; x_wconf 87' lang='lat' dir='ltr'>deprimeret,</span> <span class='ocrx_word' id='word_1_142' title='bbox 1228 3588 1267 3649; x_wconf 92' lang='lat' dir='ltr'>ut</span> 
     </span>
    </p>
   </div>
   <div class='ocr_carea' id='block_1_5' title="bbox 207 3711 1266 3930">
    <p class='ocr_par' dir='ltr' id='par_1_5' title="bbox 207 3711 1266 3930">
     <span class='ocr_line' id='line_1_23' title="bbox 209 3711 1266 3808; baseline -0.002 -22"><span class='ocrx_word' id='word_1_143' title='bbox 209 3715 354 3808; x_wconf 82' lang='lat' dir='ltr'>gelidos,</span> <span class='ocrx_word' id='word_1_144' title='bbox 387 3714 575 3802; x_wconf 90' lang='lat' dir='ltr'>nimiisque</span> <span class='ocrx_word' id='word_1_145' title='bbox 604 3711 807 3799; x_wconf 83' lang='lat' dir='ltr'>ambagibus</span> <span class='ocrx_word' id='word_1_146' title='bbox 831 3712 1070 3781; x_wconf 86' lang='lat' dir='ltr'>immorantes.</span> <span class='ocrx_word' id='word_1_147' title='bbox 1090 3711 1266 3784; x_wconf 88' lang='lat' dir='ltr'>Ciceronis</span> 
     </span>
     <span class='ocr_line' id='line_1_24' title="bbox 207 3842 1266 3930; baseline -0.002 -14"><span class='ocrx_word' id='word_1_148' title='bbox 207 3849 335 3917; x_wconf 91' lang='lat' dir='ltr'>famam</span> <span class='ocrx_word' id='word_1_149' title='bbox 355 3845 586 3927; x_wconf 84' lang='lat' dir='ltr'>Quintilianus</span> <span class='ocrx_word' id='word_1_150' title='bbox 602 3845 771 3930; x_wconf 85' lang='lat' dir='ltr'>relevare,</span> <span class='ocrx_word' id='word_1_151' title='bbox 792 3851 827 3913; x_wconf 89' lang='lat' dir='ltr'>et</span> <span class='ocrx_word' id='word_1_152' title='bbox 845 3844 888 3912; x_wconf 86' lang='lat' dir='ltr'>ad</span> <span class='ocrx_word' id='word_1_153' title='bbox 905 3842 1023 3912; x_wconf 90' lang='lat' dir='ltr'>sanius</span> <span class='ocrx_word' id='word_1_154' title='bbox 1035 3842 1079 3911; x_wconf 90' lang='lat' dir='ltr'>de</span> <span class='ocrx_word' id='word_1_155' title='bbox 1090 3844 1266 3914; x_wconf 88' lang='lat' dir='ltr'>veteribus</span> 
     </span>
    </p>
   </div>
   <div class='ocr_carea' id='block_1_6' title="bbox 205 3977 1267 4071">
    <p class='ocr_par' dir='ltr' id='par_1_6' title="bbox 205 3977 1267 4071">
     <span class='ocr_line' id='line_1_25' title="bbox 205 3977 1267 4071; baseline 0.001 -24"><span class='ocrx_word' id='word_1_156' title='bbox 205 3977 373 4065; x_wconf 88' lang='lat' dir='ltr'>judicium</span> <span class='ocrx_word' id='word_1_157' title='bbox 383 3981 531 4071; x_wconf 87' lang='lat' dir='ltr'>aequales</span> <span class='ocrx_word' id='word_1_158' title='bbox 545 3980 715 4049; x_wconf 91' lang='lat' dir='ltr'>reducere</span> <span class='ocrx_word' id='word_1_159' title='bbox 728 3979 887 4048; x_wconf 90' lang='lat' dir='ltr'>tentavit:</span> <span class='ocrx_word' id='word_1_160' title='bbox 899 3977 991 4068; x_wconf 92' lang='lat' dir='ltr'>quod</span> <span class='ocrx_word' id='word_1_161' title='bbox 1003 3977 1145 4065; x_wconf 91' lang='lat' dir='ltr'>quidem</span> <span class='ocrx_word' id='word_1_162' title='bbox 1157 3998 1267 4067; x_wconf 93' lang='lat' dir='ltr'>quum</span> 
     </span>
    </p>
   </div>
   <div class='ocr_carea' id='block_1_7' title="bbox 207 4116 1266 4216">
    <p class='ocr_par' dir='ltr' id='par_1_7' title="bbox 207 4116 1266 4216">
     <span class='ocr_line' id='line_1_26' title="bbox 207 4116 1266 4216; baseline -0.002 -28"><span class='ocrx_word' id='word_1_163' title='bbox 207 4122 244 4190; x_wconf 90' lang='lat' dir='ltr'>in</span> <span class='ocrx_word' id='word_1_164' title='bbox 264 4122 381 4191; x_wconf 76' lang='lat' dir='ltr'>schola</span> <span class='ocrx_word' id='word_1_165' title='bbox 399 4123 540 4208; x_wconf 87' lang='lat' dir='ltr'>laceret,</span> <span class='ocrx_word' id='word_1_166' title='bbox 555 4120 677 4190; x_wconf 84' lang='lat' dir='ltr'>eodem</span> <span class='ocrx_word' id='word_1_167' title='bbox 689 4119 793 4187; x_wconf 87' lang='lat' dir='ltr'>Plinii</span> <span class='ocrx_word' id='word_1_168' title='bbox 803 4118 983 4207; x_wconf 83' lang='lat' dir='ltr'>ingenium</span> <span class='ocrx_word' id='word_1_169' title='bbox 1002 4116 1183 4216; x_wconf 80' lang='lat' dir='ltr'>dirigebat,</span> <span class='ocrx_word' id='word_1_170' title='bbox 1198 4123 1266 4207; x_wconf 80' lang='lat' dir='ltr'>quo</span> 
     </span>
    </p>
   </div>
   <div class='ocr_carea' id='block_1_8' title="bbox 204 4247 1261 4402">
    <p class='ocr_par' dir='ltr' id='par_1_8' title="bbox 204 4247 1261 4402">
     <span class='ocr_line' id='line_1_27' title="bbox 204 4247 1261 4402; baseline -0.006 -80"><span class='ocrx_word' id='word_1_171' title='bbox 204 4255 277 4341; x_wconf 85' lang='lat' dir='ltr'>jam</span> <span class='ocrx_word' id='word_1_172' title='bbox 310 4254 384 4342; x_wconf 86' lang='lat' dir='ltr'>ejus</span> <span class='ocrx_word' id='word_1_173' title='bbox 408 4274 524 4322; x_wconf 89' lang='lat' dir='ltr'>mores</span> <span class='ocrx_word' id='word_1_174' title='bbox 550 4252 773 4320; x_wconf 86' lang='lat' dir='ltr'>inclinaverat</span> <span class='ocrx_word' id='word_1_175' title='bbox 797 4250 941 4340; x_wconf 81' lang='lat' dir='ltr'>Virgiuii</span> <span class='ocrx_word' id='word_1_176' title='bbox 959 4247 1041 4318; x_wconf 84' lang='lat' dir='ltr'>Rufi</span> <span class='ocrx_word' id='word_1_177' title='bbox 1063 4250 1261 4402; x_wconf 56' lang='lat' dir='ltr'>auctoripas.</span> 
     </span>
    </p>
   </div>
   <div class='ocr_carea' id='block_1_9' title="bbox 0 0 1610 5220">
    <p class='ocr_par' dir='ltr' id='par_1_9' title="bbox 0 0 1610 5220">
     <span class='ocr_line' id='line_1_28' title="bbox 0 0 1610 5220; baseline 0 4"><span class='ocrx_word' id='word_1_178' title='bbox 0 0 1610 5220; x_wconf 95' lang='lat' dir='ltr'> </span> 
     </span>
    </p>
   </div>
  </div>
 </body>
</html>
