3210 5220
734 667 904 735 ,78-

288 862 392 929 ritas:
417 860 509 928 unde
529 860 568 928 lit
594 867 633 929 ut
657 862 788 931 nullam
822 863 865 931 ab
895 864 1012 931 Tacito
1037 863 1176 932 laudem
1204 863 1347 947 referat,

286 1001 339 1069 vir
357 1002 462 1089 quam
474 1002 619 1070 minime
638 1001 789 1091 gloriolae
806 1006 1017 1094 negligens?

373 1205 512 1275 Scilicet
540 1207 649 1275 multa
678 1208 770 1275 inter
797 1213 986 1297 utrumque
1014 1206 1218 1275 dissimilia:
1251 1206 1347 1276 hunc

284 1345 441 1416 Tacitum
453 1347 544 1438 finge
557 1348 727 1416 Historias
740 1348 937 1417 Annalesve
957 1350 1249 1439 conscripturum,
1262 1349 1345 1417 hinc

284 1490 321 1556 tn
340 1490 486 1577 operosa
506 1493 557 1557 tot
584 1489 754 1559 librorum
782 1491 1016 1580 recognitione
1041 1496 1229 1577 versatum,
1251 1490 1345 1562 illinc

282 1630 319 1698 in
351 1629 550 1698 tristissima
583 1630 757 1699 servitutis
789 1636 824 1699 et
853 1632 1028 1700 scelerum
1057 1632 1341 1719 pertractatione3

280 1792 351 1840 non
379 1771 437 1840 ille
469 1769 633 1858 prolecto,
661 1777 700 1840 ut
728 1770 861 1839 Plinius
887 1776 1019 1857 noster,
1037 1772 1076 1839 in
1101 1772 1343 1841 beatissimum

281 1933 457 2002 quemque
474 1933 630 1981 errorem
648 1912 757 1982 lacilis
770 1935 779 1999 3
793 1918 828 1981 at
839 1914 979 2002 imperii
989 1914 1134 1982 vulnera
1147 1914 1339 2003 explorare,
1429 1924 1432 1935 ’

278 2058 330 2121 tot
340 2051 476 2143 flagitiis
490 2051 712 2138 erubescere,
729 2051 877 2140 publicis
890 2051 1136 2121 condolescere
1148 2052 1340 2138 doloribus,

279 2199 315 2262 et
344 2194 429 2262 dum
456 2194 632 2282 praeterita
646 2200 777 2276 narrat,
808 2193 925 2262 futura
956 2193 1189 2283 praetimere:
1220 2192 1343 2261 axilla

278 2340 395 2403 autem
414 2340 465 2403 tot
483 2336 705 2404 miseriarum
724 2336 946 2418 recensione,
967 2332 1092 2416 altior,
1119 2336 1159 2400 ut
1177 2329 1338 2415 n'detur,

278 2480 313 2543 et
330 2475 460 2543 tristior
478 2480 636 2543 evaserat
653 2477 808 2561 animus3
827 2476 909 2544 inde
928 2475 1062 2543 homini
1079 2475 1226 2563 gravitas
1244 2493 1340 2562 quae-

278 2616 374 2696 dam,
405 2627 439 2685 et
458 2614 644 2704 cujuslibet
660 2614 828 2684 futilitatis
847 2614 941 2706 fuga,
962 2620 998 2683 et
1015 2633 1177 2682 severum
1195 2612 1337 2702 aliquid,

275 2761 382 2846 utque
412 2757 516 2826 Plinii
526 2755 674 2825 verbum
693 2776 874 2843 usurpem,
895 2773 992 2845 σεμνόν.
1011 2754 1130 2835 Qualis
1144 2756 1262 2821 autem
1279 2752 1339 2822 illa

167 2869 193 2895 τ’
276 2894 367 2962 circa
380 2894 533 2963 Plinium
553 2894 789 2962 studiosorum
808 2893 987 2961 societas‘.l
1007 2892 1143 2973 Quanta
1162 2889 1339 2958 scribendi

273 3029 405 3113 vanitas
434 3027 668 3117 ambitioque!
701 3032 828 3116 quanta
850 3024 1010 3093 laudandi
1041 3025 1334 3113 intemperantia!

274 3167 367 3248 Quid
396 3169 526 3238 mirum
557 3171 587 3238 si
618 3170 770 3255 TaciluS,
796 3169 953 3256 quamvis
978 3168 1133 3238 Plinium
1162 3168 1335 3257 optimum

271 3309 463 3395 hominem,
494 3311 655 3380 laborum
688 3309 870 3399 aliquando
900 3310 1048 3395 socium,
1085 3309 1199 3399 gloriae
1229 3310 1347 3403 etiam¹

270 3447 447 3535 aemulum,
468 3454 503 3517 et
518 3450 787 3539 magnifaceret,
808 3455 843 3518 et
862 3449 997 3518 sincere
1016 3447 1189 3536 diligeret,
1209 3448 1254 3517 ab
1274 3449 1334 3518 illo

164 3634 193 3649 ,.
270 3591 390 3656 tamen
408 3588 631 3673 commercio,
663 3608 735 3656 non
760 3587 875 3657 dicam
899 3586 1130 3675 abhorruerit,
1149 3587 1213 3655 sed
1231 3587 1333 3675 paulo

269 3728 374 3797 fuerit
392 3728 547 3814 alienior,
569 3734 661 3797 etse
688 3730 789 3817 quasi
812 3732 852 3797 eo
870 3731 1077 3818 seposuerit,
1097 3728 1159 3798 ubi
1178 3727 1333 3817 jucunda

201 3865 204 3869 ’
270 3889 352 3938 cum
369 3869 616 3937 amoenissimis
633 3870 833 3939 hominihus
852 3871 1014 3959 amicitia,
1031 3891 1102 3938 non
1116 3877 1234 3940 autem
1249 3891 1332 3960 quo-

269 4013 397 4082 tidiana
409 4032 490 4080 cum
509 4011 706 4080 vanissimis
725 4010 966 4080 consuetudoa
985 4011 1109 4100 Neque
1127 4013 1180 4080 vir
1203 4014 1331 4103 gravis-

268 4159 378 4226 simus
397 4157 433 4225 in
453 4157 556 4225 amici
581 4153 827 4245 praedicatione
857 4153 1078 4239 immodicus,
1101 4154 1192 4224 sicut
1212 4158 1330 4224 caeteri

266 4299 316 4368 illi
347 4300 491 4368 clientes
518 4297 578 4386 qui
602 4294 723 4366 laudes
754 4300 789 4364 et
821 4293 1072 4384 indulgentiam
1103 4295 1328 4366 admiratione
