3210 5220
674 590 844 658 ..23-

222 781 382 867 quamvis
410 781 539 848 nimius
571 782 626 849 sui
655 781 813 851 laudator
843 782 1137 871 deprehendatur,
1174 788 1286 852 taceat

226 918 364 1004 invidia,
383 918 478 987 saror
499 922 661 991 emineat.

312 1211 437 1280 Sancta
448 1211 552 1281 Plinii
563 1214 728 1283 domuset
740 1217 1042 1304 conjunctissima:
1063 1215 1285 1304 Calpurniam

224 1373 371 1421 uxorem
390 1375 458 1443 quo
477 1354 635 1424 dilexerit
653 1377 771 1425 amore
791 1358 908 1446 plures
925 1357 1081 1445 epistola
1098 1362 1281 1426 testantur.

224 1495 296 1583 (Vl.
312 1495 346 1580 43
371 1497 429 1565 Vl.
446 1497 480 1583 73
508 1498 584 1566 Vll.
600 1498 650 1588 5.)
669 1499 817 1587 Propter
827 1497 1065 1566 valetudinem
1084 1499 1121 1565 in
1141 1497 1287 1587 Campa·

223 1634 318 1702 niam
335 1635 564 1704 secedentem
585 1636 759 1705 desiderio
786 1638 1019 1726 prosequitur.
1045 1638 1182 1707 «Nunc
1206 1642 1286 1707 veri)

223 1791 332 1858 quum
355 1773 534 1860 absentiae,
561 1780 638 1843 tum
657 1774 865 1843 infirmitatis
891 1780 959 1843 tuae
979 1776 1078 1860 ratic,
1098 1776 1229 1842 incerta
1251 1781 1287 1844 et

222 1913 317 1982 varii
344 1915 576 1985 sollicitudine
605 1921 769 1985 exterret.
798 1915 931 1985 Vereor
954 1917 1088 2003 omnia3
1117 1917 1286 2007 imaginor

222 2058 355 2143 omnia;
387 2079 534 2148 quaeque
563 2065 688 2130 natura
712 2061 945 2129 metuentium
970 2066 1037 2147 est,
1065 2082 1106 2129 ea
1133 2062 1284 2130 maxime

220 2203 319 2290 mihi,
335 2224 412 2293 quae
425 2207 575 2274 maxime
591 2206 784 2291 abominor,
800 2180 893 2296 fingo
913 2206 985 2295 (VI.
1008 2205 1054 2293 4).
1074 2228 1088 2270 ι
1106 2206 1154 2273 Eo
1170 2207 1283 2274 acrius

219 2344 433 2416 desiderium
460 2348 554 2436 quod
584 2369 655 2416 non
688 2349 813 2416 abesse
844 2353 1097 2416 consueverant
1124 2347 1214 2436 (Vll.
1233 2347 1279 2437 5).

218 2482 389 2552 Abortum
419 2485 544 2554 deinde
572 2506 711 2574 passam
738 2487 839 2569 dolet,
861 2495 895 2556 et
930 2485 1023 2572 apud
1056 2505 1282 2574 prosocerurn

218 2624 411 2710 puellarem
422 2625 693 2714 imprudentiam
707 2644 770 2712 per
785 2646 926 2693 socrum
941 2629 1098 2694 excusat:
1118 2648 1132 2691 r
1147 2625 1283 2694 Excusa

217 2766 383 2853 patrituo
404 2786 535 2852 casum,
562 2767 619 2835 cui
645 2767 797 2854 paratior
816 2766 908 2854 apud
935 2765 1083 2854 feminas
1104 2765 1206 2833 venia
1229 2771 1282 2833 est

218 2906 433 2997 (Vistilia
456 2907 601 2976 Nullum
617 2910 698 2975 vero
718 2907 937 2974 manifestius
957 2905 1156 2972 concordiae
1178 2904 1281 2972 docu-

217 3053 376 3116 mentum
405 3048 510 3137 quarn
541 3047 632 3136 quod
670 3068 817 3116 uxorem
848 3046 892 3114 ad
925 3045 1189 3114 similitudinem
1225 3048 1280 3114 sui

217 3194 415 3279 effinxerat,
442 3194 569 3281 quippe
594 3213 672 3281 quae
696 3192 852 3260 studium
886 3190 1081 3258 litterarum
1104 3211 1146 3258 ex
1165 3193 1279 3259 mariti

217 3336 357 3403 caritate
382 3335 599 3422 concepisset
624 3334 695 3423 (IV.
727 3331 799 3422 la).
829 3332 967 3400 Scilicet
982 3333 1223 3421 jactantiorem
1242 3334 1278 3401 in

214 3477 337 3545 litteris
357 3477 521 3546 maritum
545 3481 658 3560 nacta,
683 3474 867 3562 iactantior
885 3474 960 3562 ipsa
978 3469 1017 3540 in
1036 3473 1145 3561 gloria
1164 3474 1279 3542 mariti

213 3620 302 3688 facta
320 3627 383 3690 est.
407 3620 608 3689 Certissima
628 3619 850 3707 protectoria
869 3619 939 3706 qua
956 3617 1072 3706 puella
1098 3615 1166 3685 sibi
1185 3618 1277 3705 apud

215 3764 397 3851 conjugem
427 3762 668 3831 auctoritatem
696 3764 861 3849 pararet:
898 3759 1093 3847 simplicem
1127 3762 1208 3827 veri)
1242 3764 1277 3828 et

213 3905 400 3992 ingenuam
423 3902 687 3970 admirationem
704 3900 781 3988 quis
808 3901 844 3967 in
863 3898 967 3967 dubio
987 3903 1104 3986 ponat,
1131 3918 1235 3987 quam
1255 3919 1276 3966 a

213 4047 331 4133 pueris
346 4045 437 4134 apud
455 4045 568 4131 ipsam
582 4048 732 4110 matrem
747 4063 789 4108 ex
803 4041 906 4109 Plinii
924 4039 1169 4129 praedicatione
1189 4038 1275 4106 didi-

215 4187 352 4254 cisset‘l
378 4187 421 4253 At
447 4185 556 4252 Plinio
588 4185 623 4252 iu
654 4182 825 4251 larulandai
855 4182 1009 4250 castitate
1033 4180 1205 4266 mulieris,
1238 4181 1273 4247 in
