3210 5220
714 667 888 744 ἡ..94..

271 866 425 959 epistolae
441 870 572 959 specie,
587 868 723 938 veniam
743 867 822 952 sibi,
836 870 946 958 ipsius
964 866 1194 935 cunctationis
1215 871 1334 934 osten·

270 1009 412 1094 tatione,
431 1013 541 1096 parat,
555 1014 590 1077 et
602 1007 722 1076 amicis
737 1012 941 1096 argumenta
954 1005 1109 1096 suggerit
1121 1005 1254 1094 quibus
1271 1024 1332 1072 res

228 1149 231 1156 ’
271 1143 412 1215 defendi
427 1146 538 1233 possit
556 1145 597 1231 (l.
616 1143 663 1234 8).
685 1145 874 1232 Postquam
894 1142 1149 1232 Panegyricum
1172 1142 1210 1208 in
1229 1140 1331 1210 audi-

270 1282 357 1349 torio
375 1282 542 1368 recitavit,
562 1280 647 1350 dum
665 1282 856 1350 amicorum
871 1279 1042 1368 Judicium
1059 1277 1180 1364 refert,
1197 1277 1333 1347 caeteris

270 1441 358 1512 opus
374 1422 541 1509 venditat,
561 1427 772 1512 etpraeparat
783 1420 1063 1504 admirationem,
1079 1418 1198 1509 dirigit
1209 1418 1330 1501 etiam,

270 1572 305 1635 et
321 1564 495 1636 laudanda
510 1567 641 1635 indicat
660 1565 737 1656 (ΙΙΙ.
751 1565 820 1655 18).
843 1566 957 1647 Quam
969 1564 1085 1633 multae
1104 1562 1229 1632 referri
1253 1581 1331 1651 pos·

268 1710 339 1778 sint
356 1708 520 1800 epistolae,
534 1709 709 1797 inquibus
721 1729 831 1798 quum
843 1714 1005 1796 acceptas
1024 1711 1230 1775 memorata
1252 1704 1331 1792 qui-

269 1847 418 1917 busdam
436 1848 570 1934 laudes,
588 1868 711 1916 omnes
729 1848 774 1916 ad
795 1847 1115 1937 comprobationem
1132 1846 1280 1914 arcessit
1296 1849 1331 1913 et

270 1984 401 2051 invitat.
434 1984 536 2068 Hoc,
566 1989 606 2051 ut
633 1982 783 2066 videtur,
815 1982 966 2051 Plinium
999 2002 1070 2049 non
1098 1981 1254 2071 fugiebat
1283 1981 1330 2048 ita

268 2125 430 2194 homines
452 2131 670 2216 comparatos
695 2146 772 2194 esse
797 2130 836 2193 ut
858 2145 900 2194 ea
925 2125 1146 2213 potissimum
1170 2122 1328 2207 laudent,

268 2286 347 2355 quae
365 2266 409 2336 ab
428 2267 504 2336 aliis
518 2268 651 2337 laudari
662 2268 831 2354 audiunt;
852 2288 929 2357 quae
941 2266 1075 2335 Seneca
1100 2265 1144 2335 de
1163 2265 1329 2355 dignitate

269 2409 305 2471 et
329 2405 477 2493 pecunia
506 2405 565 2490 ait,
598 2404 797 2475 difficillima
821 2426 901 2474 esse
925 2406 1035 2490 initia,
1068 2409 1103 2473 et
1125 2403 1333 2493 dignitatem-

269 2540 370 2610 citius
389 2561 548 2611 crescere
578 2563 684 2632 quam
708 2545 842 2633 incipit,
868 2557 903 2613 et
935 2538 1121 2633 pecuniam
1152 2543 1214 2613 diu
1238 2544 1332 2614 circa

267 2685 508 2770 paupertatem
521 2702 656 2779 moram
666 2681 798 2751 habero
814 2682 899 2753 dum
924 2688 1058 2773 ereptat
1079 2653 1204 2773 (Epist.
1233 2682 1331 2773 101),

268 2821 392 2891 eadem
411 2824 454 2892 de
473 2824 650 2913 scriptoris
676 2824 769 2894 fama
787 2829 848 2893 aut
878 2823 922 2892 de
957 2823 1038 2892 libri
1061 2823 1200 2893 fortuna
1217 2825 1332 2893 veris·

182 3018 196 3028 ,,
268 2967 356 3035 sima
372 2966 541 3034 invenias.
564 2967 726 3055 Epistolis
742 2977 858 3035 autem
880 2967 1013 3035 Plinius
1037 2968 1085 3036 ita
1103 2988 1188 3036 usus
1213 2973 1268 3036 est
1291 2973 1334 3036 ut

268 3112 379 3176 ortam
399 3109 436 3176 in
464 3108 631 3177 auditorio
657 3109 801 3198 gloriam
824 3108 1032 3197 publicando
1051 3114 1206 3196 augeret,
1237 3115 1273 3179 et
1290 3115 1331 3177 ut

267 3245 311 3313 de
340 3247 475 3317 Caesare
494 3250 668 3335 Lucanus,
690 3271 874 3319 successus
899 3258 1041 3342 urgeret
1065 3273 1159 3321 suos.
1180 3253 1329 3323 Necnon

268 3405 377 3472 quum
396 3387 530 3475 primus
548 3389 721 3456 orationes
739 3389 885 3457 recitare
897 3391 1038 3480 incepit,
1061 3399 1121 3461 aut
1138 3393 1330 3462 versiculos

264 3527 337 3615 jam
355 3528 545 3596 consularis
564 3533 718 3617 tentavit,
739 3551 803 3621 per
823 3533 985 3621 epistolas
997 3534 1180 3603 hominum
1195 3535 1330 3622 judicia

266 3670 363 3757 prius
383 3670 554 3757 captavit,
575 3673 912 3758 reprehendentibus
928 3677 1091 3762 occurrit,
1105 3676 1214 3745 favori
1230 3677 1330 3745 leno·

267 3811 400 3879 cinatus
414 3816 479 3879 est.
494 3810 531 3878 Si
549 3819 709 3881 mussant
726 3815 880 3903 quidam,
895 3818 988 3906 quod
1006 3818 1216 3907 petulantior
1233 3820 1279 3889 sit
1290 3821 1329 3888 in

265 3948 403 4035 libellis,
423 3955 482 4018 aut
505 3950 671 4018 tumidior
695 3954 733 4020 in
757 3955 981 4043 orationibus,
1008 3959 1123 4026 autin
1143 3959 1327 4030 laudandis

267 4089 387 4159 amicis
405 4092 595 4179 nimius‚in
604 4093 759 4179 epistolis
778 4113 920 4163 oausam
940 4099 1033 4188 apud
1052 4100 1225 4169 studiosos
1241 4101 1325 4191 agit,

267 4247 302 4310 et
318 4245 430 4314 amice
442 4246 630 4335 redarguit,
653 4252 827 4319 eteorum
847 4250 908 4337 qui
926 4253 1150 4341 comprobant
1164 4254 1326 4322 testimo-
