3210 5220
710 675 887 742 ..69-

268 885 309 951 ln
327 883 475 971 septimo
495 880 717 969 epistolarum
735 880 837 966 libro,
851 902 908 950 res
927 900 997 949 non
1013 883 1086 970 jam
1104 879 1328 965 detenditur3

266 1016 427 1086 laudatur
454 1020 584 1119 contra.
617 1013 744 1083 Fabius
774 1015 908 1099 iustus,
941 1035 1145 1104 quanquam
1181 1014 1330 1083 assiduis

268 1152 551 1244 occupationibus
567 1151 769 1241 impedituS,
795 1154 925 1244 scripta
953 1153 1141 1238 desiderat,
1170 1173 1249 1242 quae
1274 1156 1331 1223 vix

265 1296 312 1365 ab
336 1296 468 1380 otiosis,
498 1294 611 1382 inquit
640 1293 786 1381 Plinius,
817 1294 1007 1382 impetrare
1033 1293 1164 1382 aliquid
1184 1295 1331 1383 perituri

266 1423 432 1511 temporis
461 1425 637 1510 possunt;
681 1440 790 1510 ergo,
841 1419 904 1488 ubi
944 1421 1058 1489 hiems
1095 1421 1184 1506 erit,
1221 1440 1331 1508 quum

268 1555 433 1625 credibile
463 1554 529 1623 erit
550 1556 569 1624 J
572 1560 690 1623 ustum
713 1555 875 1625 noctibus
904 1556 1029 1625 saltem
1060 1578 1183 1626 vacare
1210 1579 1328 1648 posse,

271 1689 407 1775 quaeret
455 1689 576 1753 noster
619 1684 703 1772 quid
742 1686 962 1773 potissimum
997 1707 1040 1754 ex
1085 1687 1188 1775 nugis
1230 1687 1328 1755 exhi„

178 1786 181 1794 Ι
268 1823 348 1893 beat
369 1822 458 1912 (Vll.
478 1821 527 1909 2).
548 1822 627 1893 Jam
644 1843 756 1893 unum
775 1822 1144 1912 hendecasyllaborum
1167 1823 1333 1893 volumen

268 1958 457 2047 separatim
484 1956 681 2029 absolutum
706 1963 775 2043 est3
808 1957 853 2026 ad
889 1958 1006 2048 elegos
1042 1959 1205 2046 transiit;
1233 1960 1333 2049 plur-a

269 2100 383 2163 metra
410 2095 560 2165 tentavit
586 2116 595 2181 ;
618 2094 872 2183 ‘probaverunt
913 2096 1062 2166 sodales.
1109 2120 1123 2163 r
1154 2097 1334 2187 Leguntur

269 2230 561 2320 hendecasyllabi,
575 2230 831 2317 describuntur,
848 2237 1032 2302 cantantur
1051 2234 1156 2302 etiam
1173 2254 1182 2318 3
1203 2233 1333 2303 aGrae-

270 2372 320 2438 cis
332 2390 484 2459 quoque,
503 2390 591 2459 quos
603 2370 707 2438 latine
727 2370 833 2458 hujus
850 2370 960 2439 libelli
978 2391 1076 2439 amor
1097 2371 1225 2452 docuit,
1239 2392 1335 2441 nunc

272 2505 415 2593 cithara,
438 2527 533 2575 nunc
550 2507 624 2596 lyra
642 2514 892 2597 personantem
911 2509 994 2594 imo,
1013 2511 1086 2598 jam
1104 2510 1237 2578 Plinius
1256 2530 1335 2600 pos-

178 2718 184 2726 ,
270 2643 444 2711 teritatem
462 2643 641 2711 versiculis
660 2644 827 2732 prospicit
844 2643 932 2733 (VII.
955 2643 1004 2733 4).
1025 2645 1107 2713 Illos
1121 2650 1203 2713 verb
1228 2667 1336 2734 quan·

270 2785 347 2852 tdm
369 2783 474 2868 fovet,
500 2802 612 2872 quove
637 2801 756 2849 amore
777 2783 876 2870 quasi
898 2788 1044 2871 paterno
1062 2787 1121 2851 aut
1151 2782 1334 2851 evolaturis

178 2885 179 2888 Ἴ
271 2925 363 2993 viam
381 2929 490 3013 parat,
512 2928 571 2991 aut
588 2921 763 2990 evolantes
789 2918 971 3011 sequitur!
996 2921 1177 2991 Genialem
1196 2920 1334 2990 adoles-

271 3058 450 3133 centulum
475 3063 592 3133 laudat
611 3064 704 3153 quod
725 3063 860 3131 libellos
890 3065 974 3132 istos
1010 3083 1091 3132 cum
1113 3068 1211 3151 patre
1243 3062 1337 3151 legat

271 3206 376 3295 (VIII.
406 3205 477 3295 13).
511 3206 623 3291 Elicit,
659 3206 783 3274 invitat
804 3205 954 3274 Sabinus
986 3202 1156 3291 utquam
1185 3201 1335 3291 plurima

272 3346 409 3415 Plinius·
425 3346 684 3414 communicare
702 3345 801 3431 velit3
820 3350 940 3413 noster
964 3343 1077 3410 amico
1097 3341 1224 3430 gratias
1252 3341 1334 3431 agit,

271 3490 333 3578 qui
347 3489 457 3577 ipsius
485 3488 620 3557 libellos
640 3488 842 3556 memoriter
858 3493 954 3556 tenet
980 3487 1055 3577 (IX.
1076 3484 1149 3575 18).
1169 3484 1337 3554 Mamilia-

272 3648 351 3712 nus,
375 3629 414 3696 in
433 3628 663 3696 castrensium
697 3626 916 3715 negotiorum
945 3625 1060 3710 turba,
1103 3624 1208 3691 Plinii
1237 3623 1335 3692 lusus

273 3772 378 3851 amat,
411 3765 552 3858 flagitat,
577 3786 730 3855 eumque
759 3763 804 3834 ad
833 3765 960 3833 similia
978 3763 1163 3832 condenda
1182 3763 1333 3830 excitat:

264 3915 394 4006 ⁴incipit
434 3916 567 3984 Plinius
593 3937 637 3984 ex
659 3917 727 3984 hoc
763 3935 891 4003 genere
917 3914 1114 3983 studiorum
1133 3933 1205 3981 non
1224 3912 1337 3980 solbm

273 4049 563 4136 oblectationem,
598 4052 721 4118 verbm
759 4050 865 4118 etiam
905 4049 1050 4140 gloriam
1076 4054 1225 4137 petere:
1250 4045 1338 4114 «Tu

274 4185 482 4254 columbulis
512 4187 640 4255 nostris
664 4186 756 4253 inter
778 4184 910 4273 aquilas
934 4190 1068 4253 vestras
1085 4183 1183 4251 dabis
1204 4202 1336 4271 pennas

271 4324 347 4412 (lx.
369 4323 440 4415 25).
470 4349 484 4390 a
