3210 5220
692 631 867 698 ..86-

250 825 441 914 intelligere
456 825 641 913 possimus.
665 827 731 895 Hic
748 833 865 895 autem
891 825 1084 892 obscuritas
1102 824 1221 910 nulla,
1250 845 1316 912 pa-

157 984 192 1025 ss
250 972 326 1035 rata
354 969 473 1037 omnia
503 972 606 1056 atque
637 969 756 1054 obvia3
791 988 906 1056 neque
943 966 1087 1050 mirum,
1119 968 1186 1035 ista
1219 970 1315 1040 enim

252 1114 352 1181 nobis
370 1115 500 1202 scripta
522 1120 616 1181 sunt.

299 1310 399 1378 Unde
417 1313 511 1378 enirn
538 1310 605 1379 hoc
625 1311 850 1399 epistolarum
869 1331 980 1402 genus
1000 1312 1112 1380 Plinio
1144 1313 1313 1397 arriserit,

257 1447 357 1516 facile
384 1447 528 1535 intelligi
558 1453 682 1536 potest.
713 1447 868 1534 Nullum,
908 1455 948 1516 ut
976 1448 1139 1535 vidimus,
1176 1455 1317 1536 tempus
1383 1545 1385 1548 y

257 1595 331 1657 erat
352 1587 446 1677 quod
470 1588 593 1657 studiis
614 1590 762 1677 periret,
787 1590 823 1657 in
845 1589 987 1674 lectulo,
1007 1591 1044 1657 in
1062 1591 1200 1674 itinere,
1218 1591 1314 1662 inter

250 1727 472 1813 coenandum,
500 1748 641 1817 semper
670 1728 799 1818 aliquid
834 1730 927 1818 quod
957 1730 1207 1815 meditaretur3
1240 1732 1316 1819 ipsa

247 1875 363 1936 autem
388 1869 554 1947 invitabat
575 1870 800 1958 epistolarum
819 1870 970 1939 brevitas
989 1876 1028 1939 ut
1046 1873 1084 1939 in
1097 1871 1234 1940 erudito
1247 1872 1315 1940 hoc

249 2009 506 2079 oblectamento
537 2010 643 2079 breve
674 2017 709 2078 et
739 2013 935 2100 periturum
966 2013 1076 2080 otium
1105 2011 1309 2097 collocaret,

253 2167 335 2236 ergo
365 2148 477 2217 frusta
504 2151 672 2238 temporis
698 2150 735 2217 in
759 2151 826 2217 ista
852 2151 951 2238 quasi
978 2150 1185 2238 eloquentiae
1208 2149 1318 2219 frusta

255 2291 413 2358 conterre
437 2293 580 2378 incepit,
602 2312 710 2379 quum
739 2292 895 2360 nondum
920 2301 1023 2381 poeta
1041 2292 1220 2392 versiculis
1248 2298 1318 2361 otta

255 2429 443 2513 redderet3
473 2429 564 2497 hanc
600 2435 680 2497 vero
717 2433 910 2500 accuratius
949 2432 1110 2518 epistolas
1140 2432 1318 2500 scribendi

146 2643 153 2669 χ,
254 2573 542 2645 consuetudinem
562 2593 703 2663 semper
721 2575 875 2660 retinuit,
891 2596 934 2642 ex
953 2577 1022 2662 quai
1038 2575 1169 2663 aliquid
1185 2575 1314 2665 gloria,

142 2726 146 2745 ²
250 2735 413 2806 magnam
432 2715 551 2800 etiam,
576 2718 616 2782 ut
632 2712 839 2801 ridebimus,
860 2714 1003 2823 militm.
1018 2715 1079 2799 Ad
1104 2714 1184 2800 hoc,
1198 2722 1319 2784 noster

247 2854 425 2924 imitandae
441 2855 653 2943 antiquitatis
673 2853 932 2941 cupidissimus
954 2853 1145 2941 majoribus
1165 2855 1314 2922 similior

248 3019 339 3083 esse,
349 2997 540 3082 credo,sibi
551 2996 781 3082 videbatur,si
793 2995 954 3085 epistolas
967 2998 1042 3085 ipse
1060 2998 1150 3064 sicut
1166 2999 1313 3087 quidam

248 3135 422 3221 majorum
442 3133 621 3216 fecissent,
636 3131 817 3217 scriberet,
833 3133 862 3198 si
883 3120 967 3219 quid
992 3133 1029 3199 in
1048 3138 1175 3201 senatu
1199 3139 1318 3202 actum

249 3292 313 3359 por
341 3257 524 3360 epistolam
549 3274 737 3358 nuntiaret,
757 3278 817 3341 aut
842 3293 946 3362 grate
972 3273 1112 3361 aliquod
1139 3277 1317 3363 negotium

249 3411 409 3496 referret,
435 3418 474 3480 ut
495 3412 655 3480 Priscum
680 3413 723 3481 ab
754 3413 846 3481 Afris
879 3420 1092 3501 accusatum,
1126 3414 1317 3484 Classicum

250 3570 271 3617 a
288 3550 438 3618 Baeticis.
459 3548 605 3618 Dolebat
622 3550 679 3617 ille
695 3551 872 3620 Ciceronis
887 3552 1036 3620 aemulus
1056 3553 1148 3641 quod
1159 3573 1230 3621 non
1249 3553 1316 3641 ipsi

251 3694 393 3761 daretur
424 3700 496 3761 tam
532 3693 682 3783 benigna
715 3698 940 3785 epistolarum
976 3698 1162 3766 materies:
1198 3723 1212 3764 a
1244 3719 1316 3766 non

250 3833 375 3901 eadem
395 3839 515 3901 nostra
533 3833 684 3901 conditio
704 3855 780 3922 quae
802 3836 912 3904 Marci
938 3837 1041 3905 Tullii
1067 3838 1112 3905 ad
1134 3838 1233 3926 cujus
1252 3856 1315 3903 en-

250 3970 406 4060 cmplum
434 3993 492 4039 me
519 3993 641 4057 vocae,
667 3973 716 4040 illi
734 3975 829 4040 enim
855 3981 890 4042 et
912 3977 1189 4065 copiosissimum
1214 3977 1315 4065 inge-

238 4112 360 4198 nium,
382 4119 416 4180 et
432 4113 568 4201 ingenio
590 4112 657 4200 quai
674 4114 819 4180 varietas
848 4136 981 4203 rerum,
1010 4117 1079 4204 qua
1111 4115 1313 4204 magnitudo

250 4254 445 4343 largissime
476 4253 703 4345 suppetebat,
736 4275 798 4322 nos
830 4257 935 4344 quam
967 4257 1122 4347 angustis
1154 4256 1313 4325 terminis
