3210 5220
791 648 989 718 „106-

346 844 494 929 consuli,
512 844 653 912 suberat
671 844 896 914 scholasticus
913 846 1025 935 quiin
1048 847 1123 934 ipso
1139 847 1304 940 tribunali
1335 870 1418 918 ma-

347 989 525 1076 gistratus,
547 988 680 1056 doleret
711 989 803 1076 quod
836 990 873 1056 in
903 989 1184 1059 illitteratissimis
1203 993 1310 1062 rebus
1338 1016 1421 1064 ver·

347 1133 497 1212 seretur,
518 1132 553 1193 et
585 1128 776 1214 respiceret
796 1127 839 1194 ad
869 1127 1060 1213 auditoria,
1081 1127 1124 1196 ad
1146 1131 1292 1216 scrinia,
1318 1132 1416 1201 hunc

347 1275 544 1337 senatorem
574 1271 670 1357 juvat
706 1268 842 1336 scholas
873 1269 1056 1338 circumire
1083 1276 1118 1339 et
1141 1271 1416 1343 adolescentulo·

346 1431 425 1479 rum
445 1411 671 1478 admiratione
690 1409 777 1494 lrui;
798 1415 832 1477 et
850 1409 886 1477 in
904 1412 980 1498 ipso
999 1431 1118 1479 rerum
1149 1421 1241 1499 actu,
1284 1436 1413 1485 senec-

346 1559 457 1622 tutem
473 1553 609 1642 Juvenis
627 1552 714 1618 votis
734 1552 913 1640 praesumit
926 1551 987 1619 ubi
999 1553 1243 1640 requiescendi
1253 1554 1408 1641 initium,

345 1691 407 1760 ubi
422 1696 532 1760 totum
551 1691 700 1778 denique
720 1696 754 1758 et
772 1693 847 1759 sine
872 1692 975 1759 ullius
999 1692 1140 1777 invidia,
1167 1693 1265 1760 reddi
1298 1697 1412 1783 possit

346 1833 467 1900 litteris
488 1833 609 1900 otium.
629 1833 814 1919 Antiquom
832 1853 870 1899 se
893 1834 962 1901 vita
992 1838 1026 1900 et
1052 1831 1209 1900 moribus
1235 1833 1407 1901 credidit:

346 1975 464 2043 sordet
488 1982 605 2043 autem
625 1976 683 2042 isti
700 1975 859 2043 Romano
878 1996 935 2044 res
949 1977 1100 2044 maxime
1120 1976 1290 2061 Romana,
1324 1998 1410 2046 cura

346 2117 572 2204 praediorum3
593 2118 721 2185 rustica
740 2119 958 2206 rusticosque
977 2117 1084 2204 fugit3
1104 2117 1291 2209 pugillares
1311 2118 1409 2186 desi-

347 2257 456 2340 derat,
472 2263 507 2324 et
525 2278 606 2325 cum
628 2256 870 2325 eruditissimis
890 2261 1153 2345 commercium,
1179 2280 1223 2327 ne
1247 2281 1316 2348 qua
1340 2280 1409 2330 vex

346 2397 521 2465 illitterata
535 2392 771 2466 doctas'aures
786 2398 954 2485 offendat,
969 2405 1088 2468 sancta
1110 2401 1252 2488 quidem
1263 2401 1406 2487 domus,

346 2536 489 2602 minime
507 2543 623 2605 autem
642 2538 792 2625 antiqua,
814 2538 876 2605 ubi
903 2537 1041 2626 lyristae,
1057 2538 1218 2624 comoedi,
1241 2539 1404 2624 lectores,

345 2677 486 2746 librarii.
509 2678 713 2747 Ciceronem
734 2679 887 2747 aemulari
907 2680 974 2748 sibi
992 2681 1086 2747 visus
1099 2687 1168 2747 est:
1192 2700 1273 2747 ecce
1287 2686 1408 2748 autem

345 2822 525 2908 perierunt
542 2823 713 2906 actiones3
743 2829 777 2890 et
790 2824 1007 2909 praecipuum
1027 2823 1118 2911 apud
1138 2829 1296 2910 posteros
1312 2823 1407 2891 illius

345 2966 490 3032 oratoris
510 2971 786 3048 monumentum,
808 2964 980 3053 epistolae,
1001 2984 1087 3052 quas
1112 2964 1265 3052 quidem,
1293 2985 1406 3053 quum

344 3126 382 3173 se
402 3105 445 3173 ud
470 3106 708 3193 posteritatem
732 3104 969 3191 succingeret,
995 3109 1033 3171 ut
1056 3104 1184 3171 leviora
1216 3107 1406 3192 opuscula,

345 3249 379 3311 et
398 3244 496 3332 quasi
523 3259 546 3314 to
568 3264 681 3333 παρέργῳ
712 3251 852 3333 sumpta
886 3244 1050 3312 habuisse
1086 3244 1246 3330 videtur,
1279 3251 1409 3315 coetera

345 3387 438 3452 enim
475 3382 643 3473 sua'ipse
678 3384 953 3470 commendavit,
989 3386 1151 3474 epistolas
1184 3406 1298 3474 neque
1327 3388 1407 3475 ipse

344 3528 471 3613 laudat,
498 3548 613 3616 neque
645 3528 800 3596 laudatas
829 3529 872 3596 ab
900 3531 1020 3598 amicis
1055 3535 1318 3598 commemorat.
1351 3531 1407 3598 Illi

343 3669 474 3735 interea
488 3643 660 3750 versiculi,
682 3687 768 3753 quos
788 3668 938 3735 victuros
968 3668 1131 3756 speravit,
1153 3669 1302 3755 periere3
1324 3670 1406 3756 qui-

344 3811 654 3898 dumsuperstiteS,
672 3811 895 3897 epistolarum
914 3810 1083 3878 beneficio
1102 3811 1239 3893 servati,
1255 3811 1316 3898 qui
1329 3812 1406 3897 qui-

344 3951 437 4036 dem,
470 3953 599 4019 sicum
619 3950 750 4017 coeteris
783 3951 979 4037 periissent,
1012 3950 1149 4033 melius,
1186 3949 1403 4038 mehercule,

341 4090 429 4157 foret
453 4091 597 4176 poeticae
624 4088 724 4155 Plinii
741 4087 848 4154 nostri
868 4087 996 4175 glorim.
1026 4087 1118 4167 Quid
1137 4092 1218 4155 vero
1251 4088 1294 4155 de
1315 4109 1405 4175 spe-

343 4243 417 4306 rata
434 4247 484 4306 tot
507 4236 626 4307 amicis
653 4238 937 4306 immortalitato‘.l
961 4238 1039 4327 lpse
1059 4241 1152 4322 vero,
1172 4237 1403 4305 Tacitiaemu-

960 4339 966 4355 Ι

342 4381 546 4470 lus,quauto
565 4403 657 4450 nunc
678 4382 794 4450 Tacito
814 4381 927 4448 minor
946 4358 1114 4539 putetur!
