3210 5220
715 680 890 748 ..73-

270 869 497 948 memoraret,
519 863 585 930 nisi
604 868 698 930 esset
715 863 759 930 ad
777 863 868 930 hane
886 859 1217 928 assentatiunculam
1238 862 1329 928 mol-

268 998 433 1068 lissimus,
458 999 547 1088 Ergo
566 999 650 1067 dum
667 999 836 1068 Proculus
855 1017 977 1066 versus
997 995 1236 1064 emendandos
1249 997 1330 1064 mit·

268 1139 322 1225 tit,
335 1139 378 1207 de
392 1140 517 1208 libellis
527 1140 722 1229 judicaturo
739 1141 898 1228 palpatur
911 1117 1025 1226 poeta,
1039 1142 1075 1204 et
1092 1136 1177 1206 dum
1190 1136 1332 1206 adhibet

268 1301 405 1370 preeeS,
426 1282 543 1370 adjicit
563 1286 608 1350 11.
635 1281 791 1353 Tulliam
810 1281 900 1349 mira
917 1279 1130 1366 benignitate
1147 1283 1329 1366 poetarum

267 1421 406 1511 ingenia
423 1421 548 1488 fovisse
565 1419 639 1510 (Ill.
653 1418 725 1507 15).
746 1419 839 1501 Quid
855 1419 950 1486 vafer
966 1417 1024 1486 ille
1050 1416 1228 1500 Martialis,
1243 1415 1328 1484 dum

268 1556 405 1624 Musam
423 1557 580 1626 hortatur
598 1563 638 1625 ut
661 1557 764 1625 Plinii
784 1555 927 1625 domurn
946 1559 1080 1644 quaerat
1096 1555 1135 1622 in
1152 1553 1326 1642 Esquiliis,

267 1700 370 1768 adeat
387 1700 623 1768 reverenter‘.l

400 1881 505 1948 Totos
524 1879 584 1948 dat
600 1881 732 1948 tetrieae
749 1879 823 1948 dies
845 1872 1025 1963 Minervae,

399 2017 492 2085 Dum
511 2022 652 2085 eentum
670 2018 788 2085 studet
810 2017 953 2086 auribus
971 2018 1129 2085 virorum

400 2161 476 2228 Hoc
497 2160 591 2248 quod
613 2161 731 2229 secula
749 2161 946 2249 posterique
974 2161 1110 2248 possint

401 2299 548 2387 Arpinis
567 2320 705 2389 quoque
723 2318 924 2386 comparare
941 2299 1082 2367 chartis.

1114 2412 1192 2502 (Ill.
1211 2411 1284 2500 al.)

270 2607 338 2688 Qui
349 2608 492 2696 quidem
508 2609 670 2688 versiculi
687 2610 734 2677 ita
753 2609 864 2677 Plinio
879 2608 1084 2697 placuerunt
1101 2613 1141 2675 ut
1161 2606 1332 2674 memorii

269 2756 432 2824 tenuerit.
454 2755 635 2842 Arrianus,
658 2756 742 2825 dum
762 2763 968 2846 auguratum
987 2755 1099 2824 Plinio
1126 2753 1327 2844 gratulatur,

270 2915 307 2963 se
326 2895 371 2964 ob
389 2897 455 2965 hoo
473 2898 622 2966 maxime
643 2896 711 2965 hoe
730 2901 900 2986 auguratu
916 2897 1081 2965 delectari
1097 2894 1218 2963 scribit
1236 2893 1333 2982 qubd¹

268 3037 317 3105 Μ.
342 3037 476 3108 Tullius
487 3059 598 3130 augur
612 3042 727 3110 fuerit.
748 3063 763 3107 a
782 3043 938 3123 Laetaris,
952 3041 1066 3130 inquit
1077 3039 1223 3125 Plinius,
1238 3037 1331 3127 quod

268 3193 457 3263 honoribus
481 3195 557 3283 ejus
577 3196 747 3280 insistam,
772 3216 878 3284 quem
898 3195 1055 3263 aemulari
1072 3195 1109 3262 in
1127 3193 1251 3261 studiis
1272 3212 1331 3260 eu·

267 3324 324 3412 pio
348 3344 355 3390 :
378 3323 441 3391 sed
461 3325 605 3407 utinam,
624 3331 664 3394 ut
681 3326 914 3394 sacerdotium
932 3326 1027 3394 idem
1046 3331 1081 3394 et
1098 3325 1329 3410 consulatum,

267 3471 376 3539 multb
395 3472 501 3539 etiam
518 3472 677 3560 juvenior
704 3473 809 3562 quam
832 3473 905 3556 illo,
938 3492 1018 3542 sum
1041 3477 1263 3557 consecutus,
1283 3472 1352 3570 ita

267 3622 376 3671 senex
403 3602 527 3672 saltem
554 3604 735 3694 ingenium
760 3606 836 3694 eJus
855 3605 983 3703 aliquia
1005 3626 1049 3672 ex
1070 3610 1168 3695 parte
1188 3606 1330 3694 assequi

267 3743 417 3830 possim!
440 3743 512 3831 (lv.
526 3742 571 3832 8).
587 3765 605 3809 r
622 3742 783 3829 Sabinus,
798 3745 889 3812 inter
900 3746 1201 3814 reverentissimos
1223 3745 1330 3814 elien-

268 3893 319 3953 tes
342 3886 603 3973 numerandus,
629 3888 714 3957 dum
743 3889 922 3978 plurimas,
960 3892 1066 3959 etiam
1103 3891 1330 3981 longissimas

267 4029 398 4099 litteras
416 4029 557 4122 flagitat,
579 4039 763 4120 patronum
784 4035 828 4102 ad
845 4035 893 4103 M.
917 4036 1023 4105 Tetttt
1043 4037 1245 4125 exemplum
1264 4057 1330 4104 vo-

270 4173 325 4236 cat
340 4168 413 4257 (111.
434 4169 484 4254 2).
505 4171 632 4238 Noster
650 4173 731 4239 verb
749 4178 869 4240 eontra
886 4173 985 4242 istam
1002 4174 1194 4241 amicorum
1213 4193 1330 4242 assen-

268 4310 436 4380 tationem
455 4311 605 4380 molliter
619 4333 656 4380 se
681 4311 846 4399 defendit,
869 4320 904 4382 et
922 4315 1130 4394 modestiam
1160 4315 1328 4404 opponit,
