3210 5220
596 671 769 738 ..07-

150 878 341 968 fodia'sllll.
355 854 449 968 2dlssr
464 879 728 970 Elegantissime
748 879 892 968 quidem
908 878 1064 947 defensio
1081 899 1088 945 :
1110 880 1216 948 timeo

150 1032 270 1094 tamen
304 1045 350 1093 ne
379 1044 449 1092 non
481 1026 577 1093 omni
613 1026 713 1115 culpet
748 1025 916 1092 liberatus
951 1022 1083 1091 Plinius
1120 1023 1215 1091 abire

150 1166 312 1253 potuerit.

240 1377 423 1465 Quaedam,
449 1380 573 1468 inquit,
602 1371 745 1447 auribus
776 1377 1051 1446 adolescentium
1075 1374 1211 1459 danda;

149 1520 271 1589 incidit
294 1522 460 1610 suspicio,
479 1541 524 1590 ne
549 1519 607 1589 ille
627 1524 755 1604 rector,
784 1519 842 1587 ille
867 1519 1044 1609 magister,
1076 1518 1137 1606 qui
1164 1521 1215 1584 tot

150 1659 389 1729 adolescentes
406 1659 539 1729 format*
552 1664 588 1728 et
611 1659 772 1745 instituit,
792 1656 836 1726 ab
854 1658 929 1726 istis
946 1656 1052 1725 etiam
1071 1655 1213 1745 paulum
1231 1712 1235 1718 .

149 1807 355 1875 immutatus
379 1806 496 1891 fuerit,
528 1826 616 1895 quos
640 1806 823 1873 instituere
853 1802 921 1871 sihi
944 1801 1142 1884 videbatur3
1168 1820 1214 1868 ne

152 1947 297 2034 scilicet,
318 1947 404 2016 dum
423 1947 613 2016 immodice
632 1946 770 2035 placere
800 1942 944 2028 laborat,
966 1940 1153 2048 qnamdam
1171 1939 1215 2008 ab

151 2084 533 2155 illorumadolescentio
553 2083 728 2154 scribendi
739 2083 915 2151 lasciviam
926 2082 1026 2170 quasi
1037 2086 1215 2150 mutuatus

152 2226 209 2312 sit,
233 2225 366 2296 nedum
395 2225 445 2294 illi
473 2225 584 2294 abeo
611 2225 859 2294 maturitatem
892 2223 1031 2292 Scilicet
1059 2223 1120 2312 qui
1142 2225 1215 2311 jam

147 2362 268 2440 'orator
295 2371 332 2438 in
360 2370 533 2459 poeticam
562 2371 795 2438 temeritatem
830 2368 1041 2458 quibusdam
1070 2387 1213 2457 vergere

151 2509 346 2598 videbatur,
365 2510 461 2579 idem
486 2530 581 2596 mox,
607 2509 914 2598 quadragesimum
937 2529 1067 2578 annum
1094 2528 1214 2598 egres-

148 2670 226 2745 sus,
246 2650 431 2719 adversus
450 2650 600 2735 divertit,
621 2649 691 2716 imo
718 2649 762 2717 ad
778 2650 980 2718 versiculos.
1006 2650 1074 2735 An,
1098 2650 1159 2738 qui
1180 2650 1217 2716 in

152 2785 331 2854 auditoriis
353 2805 500 2875 regnare
520 2791 676 2874 cuperet,
698 2785 897 2854 auditorum
923 2785 1098 2875 pigritiam
1116 2802 1213 2852 arro·

155 2923 388 3012 gentiamque,
412 2921 457 2990 de
476 2923 545 3010 qut
563 2942 635 2990 non
659 2921 771 2990 semel
797 2926 944 3011 questus
967 2926 1032 3006 est,
1057 2919 1217 2989 reformi-

153 3060 254 3145 dans,
281 3065 316 3128 et
340 3059 537 3128 orationum
563 3059 738 3127 severitati
762 3058 910 3144 diffisus,
936 3058 1106 3126 laetiorem
1132 3060 1218 3126 reci·

150 3199 248 3269 tandi
268 3200 449 3268 materiem
467 3201 686 3288 conquisivit,
714 3205 750 3267 et
767 3219 846 3288 quae
876 3199 987 3287 magis
1005 3197 1105 3267 obvia
1129 3198 1218 3266 loret

153 3346 368 3416 desidiosis‘l
385 3347 513 3416 Nostro
533 3347 628 3415 certe
653 3346 829 3434 proposito
848 3365 918 3414 non
940 3345 1094 3414 alienum
1113 3346 1217 3415 fucrit

153 3502 279 3552 novam
289 3485 392 3553 istam
411 3485 557 3554 oratoris
575 3483 802 3553 ambitionem
816 3484 1015 3574 diligentiis
1029 3486 1214 3572 inspicere,

155 3625 292 3712 quando
310 3631 392 3694 nata
403 3627 460 3712 sit,
477 3646 589 3715 quove
602 3625 707 3694 modo
727 3631 762 3693 et
773 3630 946 3713 quatenus
965 3627 1124 3695 ereverit.

239 3853 389 3923 Paterno
404 3855 557 3943 primum
576 3857 768 3926 orationem
781 3861 1009 3948 exspectanti,
1024 3862 1215 3930 versiculos

152 3990 256 4060 mittit
277 3993 404 4082 «quasi
423 4013 466 4062 ex
487 3993 602 4082 aliqua
618 3997 804 4085 peregrina
816 3996 1032 4087 delicataque
1045 4020 1163 4069 merce
1179 4024 1214 4087 3»

151 4131 219 4200 ista
237 4131 379 4221 quidem
392 4134 452 4202 otii
466 4134 720 4204 oblectamenta
739 4159 816 4206 esse
836 4140 894 4225 ait,
916 4145 951 4207 et
972 4140 1118 4229 ineptias
1132 4163 1217 4230 quas

151 4277 306 4366 longiore
341 4280 542 4368 praelatione
590 4302 757 4353 excusare
799 4286 1085 4375 ineptissimum:
1119 4289 1219 4357 timot
