3210 5220
713 672 916 749 -93-,

268 889 344 937 rem
364 874 399 935 et
416 868 588 935 Licinium
602 866 774 956 Nepotem
791 866 1000 935 acerrimum
1019 866 1187 955 Jurgium,
1207 870 1243 934 in
1262 886 1336 956 quo·

267 1016 392 1081 neuter
411 1008 631 1077 contumeliis
652 1010 857 1100 temperavit
881 1009 953 1098 (Vl.
974 1007 1023 1095 5).

356 1157 444 1224 ltem
469 1157 606 1244 siquid
636 1157 673 1224 in
703 1159 828 1244 magna
859 1157 963 1225 domo
994 1158 1141 1240 eveniat,
1177 1159 1335 1244 quicum

267 1301 378 1370 Plinio
401 1302 445 1370 sit
474 1301 689 1370 familiaritas
720 1307 780 1369 aut
814 1302 976 1388 amicitia,
1001 1300 1083 1369 inde
1099 1305 1217 1369 noster
1243 1298 1336 1369 libro

267 1445 470 1513 varietatem
483 1463 642 1532 quaerere
650 1443 871 1533 etpuhlicum
883 1443 1067 1512 voluntatis
1079 1442 1329 1510 testimonium.

268 1588 319 1655 lta
348 1588 489 1655 Fanniae
524 1586 686 1655 valetudo
720 1597 895 1673 narratur,
934 1606 1013 1674 quae
1051 1583 1215 1653 Thraseae
1246 1583 1333 1667 lilia,
1432 1571 1438 1587 '

268 1728 418 1797 Helvidii
431 1729 570 1815 coniux,
591 1726 732 1817 dignam
751 1732 901 1815 utroque
915 1747 954 1794 se
972 1726 1133 1794 ostendit.
1151 1724 1327 1814 (111119),

268 1871 354 1939 Inde
378 1869 584 1938 mollissima
610 1868 669 1936 illa
697 1867 741 1935 de
757 1868 882 1956 puellae
913 1872 1024 1935 morte
1061 1865 1218 1954 epistola,
1252 1887 1332 1953 quae

268 2009 428 2077 Fundani
464 2008 535 2077 tilia
570 2016 656 2094 erat,
687 2012 743 2077 cui
779 2011 921 2098 quidem
952 2012 1086 2080 consuli
1121 2032 1192 2080 non
1221 2000 1332 2082 semel

269 2149 399 2217 amicos
418 2149 550 2218 Plinius
570 2150 794 2218 commendat
826 2149 971 2238 (1116).
992 2152 1078 2220 Inde
1103 2153 1212 2222 tristis
1229 2174 1332 2223 casus

268 2286 504 2358 Helvidiarum
537 2309 697 2358 sororum
727 2289 894 2375 refertur,
926 2310 1005 2377 quae
1036 2290 1150 2359 ambae
1183 2311 1204 2360 a
1230 2299 1332 2381 partu

268 2433 495 2502 decesserunt
514 2432 671 2521 (11121).
697 2433 796 2519 inde,
817 2435 847 2502 si
863 2432 1019 2502 Serviani
1037 2433 1108 2504 filia
1133 2435 1253 2524 nubat,
1273 2444 1333 2505 res

235 2571 238 2575 ’
268 2592 289 2644 a
306 2576 418 2644 Plinio
429 2576 620 2660 nuntiatur,
641 2580 676 2644 et
685 2575 846 2646 laudatur
867 2596 1028 2665 sponsus,
1050 2579 1184 2647 Fuscus
1199 2579 1331 2648 Salina·

268 2725 333 2806 tor,
365 2719 468 2788 Plinii
501 2718 692 2807 discipulus
721 2718 793 2806 (VI.
825 2717 896 2806 26).
928 2719 1014 2786 Inde
1044 2722 1147 2808 quasi
1177 2725 1333 2811 aperitur

270 2861 432 2930 Vestrioii
448 2861 633 2949 Spurinnae
652 2860 785 2944 domna,
804 2861 886 2927 etin
905 2859 1106 2949 exemplum
1124 2865 1337 2951 proponitur

269 3003 383 3070 omnis
401 3003 512 3071 victus
527 3000 742 3069 consuetudo
764 3000 841 3090 (ill.
861 2999 913 3089 1.)

355 3192 396 3260 ln
414 3193 480 3261 hac
510 3197 628 3259 autern
650 3191 875 3281 epistolarum
903 3191 1114 3275 diversitate,
1143 3209 1335 3257 commune·

266 3332 419 3421 aliquid:
454 3336 548 3421 patet
568 3351 709 3420 semper
728 3331 840 3398 Plinio
860 3330 1106 3398 diverticulum
1125 3349 1195 3418 qua
1226 3329 1270 3398 ad
1296 3348 1338 3396 se

266 3472 398 3556 redeat,
418 3473 456 3539 in
474 3471 542 3538 hoc
558 3470 714 3558 quidem,
729 3491 841 3559 usque
856 3469 900 3538 ad
912 3469 1226 3558 reprehensionem
1239 3469 1339 3559 inge·
1471 3480 1474 3484 ’

266 3613 398 3680 niosus.
412 3611 482 3679 Per
497 3608 661 3698 epistolas
680 3630 718 3676 se
738 3609 900 3677 continuo
914 3608 1079 3676 studiosis
1093 3607 1339 3692 commendat,

268 3754 334 3822 illis
361 3754 462 3843 quasi
489 3752 747 3843 praefationibus
777 3755 897 3839 utitur,
931 3758 966 3821 et
994 3753 1160 3843 operibus
1191 3752 1338 3844 gratiam
1457 3800 1461 3807 -

269 3900 503 3985 praeoccupat,
525 3901 595 3983 aut,
619 3895 753 3984 siquid
783 3894 920 3964 invidiae
939 3915 1017 3964 esse
1036 3895 1156 3985 possit,
1185 3886 1340 3981 amovet,

271 4043 330 4105 aut
349 4037 466 4125 gloriae
478 4038 595 4106 instat.
619 4037 822 4106 Orationem
835 4036 934 4106 Comi
952 4037 1072 4105 habuit
1092 4055 1198 4124 quum
1216 4035 1343 4104 biblio·

271 4174 411 4243 thecam
438 4175 640 4262 dedicaret,
668 4181 850 4247 cunctatur
876 4176 919 4243 de
943 4175 1107 4260 editione,
1135 4194 1180 4242 ne
1206 4174 1345 4243 scilicet

273 4316 488 4409 arrogantior
522 4322 560 4390 in
593 4319 798 4390 extollendis
831 4317 1011 4388 beneficiis
1048 4317 1235 4403 videatur,
1272 4317 1344 4387 sul>
