3210 5220
714 643 890 710 -3g..

267 823 388 892 sertim
400 821 516 890 laudat
531 842 537 886 :
556 819 711 888 «Nullus
728 818 896 906 Euphrati
913 820 1037 889 horror
1053 822 1090 888 in
1102 822 1209 906 vultu,
1231 821 1332 889 nulia

269 962 418 1046 tristitia,
430 999 475 1010 -
492 960 572 1028 vitae
591 958 753 1026 sanctitas
766 977 917 1043 summa,
939 961 1083 1028 comitas
1102 981 1187 1049 par3
1215 962 1333 1030 insec-

269 1107 362 1170 tatur
378 1101 471 1187 vitia,
489 1120 560 1168 non
582 1099 762 1182 homines,
783 1118 849 1166 nec
868 1099 1021 1187 castigat,
1043 1099 1106 1167 sed
1124 1100 1293 1169 emendat
1314 1126 1329 1165 ι

273 1239 316 1328 (Ι.
331 1238 399 1329 10).
414 1240 463 1307 Ea
476 1240 607 1308 scilicet
618 1238 796 1325 libentius
817 1244 855 1306 ut
873 1237 924 1325 sit,
945 1238 1038 1327 apud
1050 1243 1194 1308 caeteros
1213 1240 1335 1310 laudat

272 1379 417 1465 Plinius,
437 1399 515 1468 quae
538 1379 629 1467 apud
642 1400 680 1447 se
696 1378 829 1447 laudari
847 1379 940 1447 velit.

360 1568 460 1649 Quod
482 1567 526 1636 ad
550 1567 635 1636 deos
655 1568 823 1656 pertinet,
847 1567 981 1658 vulgari
1008 1567 1145 1636 videtur
1176 1569 1335 1656 opinioni

271 1710 496 1799 acquievisse,
528 1718 563 1777 et
588 1728 679 1778 unus
704 1708 810 1776 fuisse
843 1728 887 1776 ex
916 1707 1046 1775 multis.
1080 1705 1171 1788 Quid
1205 1708 1334 1775 enim?

270 1870 357 1917 num
372 1855 473 1918 vetus
491 1848 560 1935 ille,
581 1847 701 1916 nisibi
723 1845 915 1933 videbatur,
941 1846 1135 1930 Romanus,
1156 1845 1333 1913 Romanis

271 1987 336 2055 diis
355 1984 536 2056 diiiidere‘?
554 2006 640 2054 num
658 2004 771 2075 augur
790 1984 848 2051 ille
866 1983 972 2069 huuc,
993 2003 1061 2072 quo
1082 1983 1252 2073 superbit,
1270 2006 1335 2053 au·

272 2131 446 2215 guratum,
476 2149 490 2192 u
516 2126 684 2214 priscum,
704 2123 919 2213 religiosum,
941 2142 1117 2190 sacruma
1151 2122 1335 2210 impietate

272 2262 468 2349 deprimere
497 2259 611 2327 veiit‘?
631 2259 705 2326 Imo
726 2263 846 2327 contra
866 2278 873 2323 :
903 2257 1020 2345 siqua
1040 2258 1174 2347 gravior
1202 2258 1336 2326 incidat

273 2396 395 2466 orandi
412 2396 547 2465 occasio
569 2448 577 2481 ,
598 2396 747 2484 maJores
774 2395 929 2463 imitatur
952 2393 1012 2482 qui
1041 2417 1055 2459 a
1081 2393 1172 2462 bene
1199 2415 1239 2462 ac
1269 2416 1330 2462 sa-

271 2536 408 2626 pienter
436 2534 659 2602 instituerunt
688 2533 825 2600 initium
854 2530 991 2600 dicendi
1017 2552 1037 2599 a
1068 2531 1329 2619 precationibus

272 2693 398 2763 agere:
422 2671 514 2761 qudd
532 2671 606 2739 sine
628 2671 782 2738 Deorum
798 2667 1046 2737 immortalium
1065 2688 1142 2756 ope,
1172 2669 1331 2757 consilio,

273 2813 418 2898 honore,
432 2811 480 2880 nil
496 2810 575 2897 rite,
590 2809 637 2877 nii
650 2807 872 2899 providenter
884 2807 1119 2896 auspicentur.
1134 2830 1148 2872 a
1169 2807 1218 2875 Te
1235 2827 1332 2897 ergo,

273 2951 407 3041 Jupiter
429 2951 558 3041 optime
587 2950 752 3034 Maxime,
772 2955 946 3038 precatur,
977 2970 1108 3040 vosque
1136 2953 1254 3021 ceteri
1286 2953 1335 3022 dii

274 3110 424 3178 quorum
445 3090 590 3159 numine
615 3101 769 3158 rectores
793 3090 895 3157 terris
917 3089 1184 3159 constituuntur.
1208 3091 1334 3181 (Pane-

275 3251 348 3320 gyr.
369 3230 414 3319 Ι.)
426 3231 482 3298 An
493 3234 573 3298 vero
583 3229 704 3300 sucosa
715 3230 782 3298 ista
796 3230 916 3318 religio
932 3237 966 3299 et
979 3232 1015 3299 in
1026 3231 1203 3320 publicam
1218 3240 1335 3301 osten-

272 3369 439 3438 tationem
452 3369 608 3457 sumpta‘i
626 3367 805 3441 Libentius
819 3369 1028 3438 crediderim
1040 3391 1122 3440 eum
1140 3370 1252 3439 fuisse
1266 3371 1336 3442 Pli-

273 3504 371 3573 nium
391 3505 451 3596 qui
468 3506 619 3595 antiquis
644 3506 864 3596 opinionibus
887 3508 1066 3597 indulgere
1090 3507 1208 3576 mallet
1226 3527 1334 3596 quam

274 3640 443 3710 dissidere.
484 3641 707 3731 Religionum
744 3645 849 3712 etiam
882 3644 1120 3713 observantior
1157 3647 1331 3731 apparet:

271 3804 343 3852 non
362 3785 466 3853 modo
479 3784 610 3853 Tiferni
627 3784 799 3872 templum
819 3785 960 3873 propria
977 3785 1126 3873 pecunia
1149 3783 1333 3868 exstruxit,

272 3920 335 3989 sed
352 3920 443 3990 iilius
473 3920 740 4005 dedicationem,
774 3942 883 4010 quum
919 3923 963 3991 sit
994 3928 1168 4012 paratum,
1194 3921 1337 3990 differre

272 4061 432 4152 longius,
464 4061 696 4151 irreligiosum
730 4062 907 4132 videretur
949 4064 1033 4153 (IV.
1053 4063 1114 4152 i).
1163 4064 1338 4153 Bithyniae

270 4209 416 4296 legatus,
439 4205 475 4273 in
505 4203 760 4272 transferendis
790 4212 865 4274 tum
886 4207 1022 4299 Magnae
1048 4208 1170 4275 matris
1194 4206 1339 4297 templo,

269 4357 345 4422 tum
365 4352 576 4443 quibusdam
602 4356 821 4423 mortuorum
840 4347 1008 4437 reliquiis,
1036 4348 1263 4416 vehementer
1281 4342 1340 4412 ad-
